<?xml version="1.0" encoding="UTF-8"?>
<!DOCTYPE html PUBLIC "-//W3C//DTD XHTML 1.0 Transitional//EN"
    "http://www.w3.org/TR/xhtml1/DTD/xhtml1-transitional.dtd">
<html xmlns="http://www.w3.org/1999/xhtml" xml:lang="en" lang="en">
 <head>
  <title>
</title>
<meta http-equiv="Content-Type" content="text/html;charset=utf-8" />
  <meta name='ocr-system' content='tesseract 3.04.00' />
  <meta name='ocr-capabilities' content='ocr_page ocr_carea ocr_par ocr_line ocrx_word'/>
</head>
<body>
  <div class='ocr_page' id='page_1' title='image "./oratioprolmurena00ciceuoft/oratioprolmurena00ciceuoft_0066.png"; bbox 0 0 2054 3120; ppageno 0'>
   <div class='ocr_carea' id='block_1_1' title="bbox 151 91 1871 160">
    <p class='ocr_par' dir='ltr' id='par_1_1' title="bbox 151 91 1871 160">
     <span class='ocr_line' id='line_1_1' title="bbox 151 91 1871 160; baseline 0.002 -22"><span class='ocrx_word' id='word_1_1' title='bbox 151 91 213 139; x_wconf 87' lang='lat'>62</span> <span class='ocrx_word' id='word_1_2' title='bbox 713 96 861 144; x_wconf 85' lang='lat' dir='ltr'>PRO</span> <span class='ocrx_word' id='word_1_3' title='bbox 904 96 950 142; x_wconf 88' lang='lat' dir='ltr'><em>L</em></span> <span class='ocrx_word' id='word_1_4' title='bbox 995 97 1069 144; x_wconf 87' lang='lat' dir='ltr'><em>M</em></span> <span class='ocrx_word' id='word_1_5' title='bbox 1070 95 1321 144; x_wconf 87' lang='lat' dir='ltr'><em>URENA</em></span> <span class='ocrx_word' id='word_1_6' title='bbox 1643 91 1784 160; x_wconf 91' lang='lat' dir='ltr'><strong>[XVI</strong></span> <span class='ocrx_word' id='word_1_7' title='bbox 1810 110 1871 156; x_wconf 84' lang='lat'>33</span> 
     </span>
    </p>
   </div>
   <div class='ocr_carea' id='block_1_2' title="bbox 64 200 1880 1788">
    <p class='ocr_par' dir='ltr' id='par_1_2' title="bbox 64 200 1880 1788">
     <span class='ocr_line' id='line_1_2' title="bbox 150 200 1878 265; baseline 0.003 -21"><span class='ocrx_word' id='word_1_8' title='bbox 150 206 388 246; x_wconf 84' lang='lat' dir='ltr'>auxerunt</span> <span class='ocrx_word' id='word_1_9' title='bbox 405 217 420 259; x_wconf 79' lang='lat'><em>3</em></span> <span class='ocrx_word' id='word_1_10' title='bbox 467 201 509 247; x_wconf 94' lang='lat' dir='ltr'>L</span> <span class='ocrx_word' id='word_1_11' title='bbox 556 201 747 249; x_wconf 86' lang='lat' dir='ltr'>Luculli</span> <span class='ocrx_word' id='word_1_12' title='bbox 792 217 906 249; x_wconf 90' lang='lat' dir='ltr'>vero</span> <span class='ocrx_word' id='word_1_13' title='bbox 951 217 1027 249; x_wconf 90' lang='lat' dir='ltr'>res</span> <span class='ocrx_word' id='word_1_14' title='bbox 1067 210 1231 250; x_wconf 91' lang='lat' dir='ltr'>tantae</span> <span class='ocrx_word' id='word_1_15' title='bbox 1270 200 1570 260; x_wconf 87' lang='lat' dir='ltr'>exstiterunt,</span> <span class='ocrx_word' id='word_1_16' title='bbox 1618 210 1671 251; x_wconf 92' lang='lat' dir='ltr'>ut</span> <span class='ocrx_word' id='word_1_17' title='bbox 1715 217 1878 265; x_wconf 89' lang='lat' dir='ltr'>neque</span> 
     </span>
     <span class='ocr_line' id='line_1_3' title="bbox 152 276 1880 343; baseline 0.004 -20"><span class='ocrx_word' id='word_1_18' title='bbox 152 276 304 326; x_wconf 88' lang='lat' dir='ltr'>maius</span> <span class='ocrx_word' id='word_1_19' title='bbox 342 280 524 327; x_wconf 88' lang='lat' dir='ltr'>bellum</span> <span class='ocrx_word' id='word_1_20' title='bbox 571 280 942 329; x_wconf 90' lang='lat' dir='ltr'>commemorari</span> <span class='ocrx_word' id='word_1_21' title='bbox 987 281 1140 343; x_wconf 87' lang='lat' dir='ltr'>possit</span> <span class='ocrx_word' id='word_1_22' title='bbox 1175 297 1335 343; x_wconf 90' lang='lat' dir='ltr'>neque</span> <span class='ocrx_word' id='word_1_23' title='bbox 1372 280 1553 329; x_wconf 89' lang='lat' dir='ltr'>maiore</span> <span class='ocrx_word' id='word_1_24' title='bbox 1590 279 1794 330; x_wconf 88' lang='lat' dir='ltr'>consilio</span> <span class='ocrx_word' id='word_1_25' title='bbox 1830 290 1880 330; x_wconf 92' lang='lat' dir='ltr'>et</span> 
     </span>
     <span class='ocr_line' id='line_1_4' title="bbox 150 356 1878 424; baseline 0.003 -20"><span class='ocrx_word' id='word_1_26' title='bbox 150 356 324 408; x_wconf 85' lang='lat' dir='ltr'>virtute</span> <span class='ocrx_word' id='word_1_27' title='bbox 347 367 555 421; x_wconf 86' lang='lat' dir='ltr'>gestum.</span> <span class='ocrx_word' id='word_1_28' title='bbox 617 377 733 408; x_wconf 90' lang='lat' dir='ltr'>nam</span> <span class='ocrx_word' id='word_1_29' title='bbox 757 377 871 409; x_wconf 93' lang='lat' dir='ltr'>cum</span> <span class='ocrx_word' id='word_1_30' title='bbox 895 361 1042 410; x_wconf 92' lang='lat' dir='ltr'>totius</span> <span class='ocrx_word' id='word_1_31' title='bbox 1066 361 1276 424; x_wconf 91' lang='lat' dir='ltr'>impetus</span> <span class='ocrx_word' id='word_1_32' title='bbox 1299 360 1415 409; x_wconf 93' lang='lat' dir='ltr'>belli</span> <span class='ocrx_word' id='word_1_33' title='bbox 1438 362 1501 409; x_wconf 91' lang='lat' dir='ltr'>ad</span> <span class='ocrx_word' id='word_1_34' title='bbox 1527 361 1878 424; x_wconf 88' lang='lat' dir='ltr'>Cyzicenorum</span> 
     </span>
     <span class='ocr_line' id='line_1_5' title="bbox 151 438 1879 505; baseline 0.003 -20"><span class='ocrx_word' id='word_1_35' title='bbox 151 438 346 486; x_wconf 91' lang='lat' dir='ltr'>moenia</span> <span class='ocrx_word' id='word_1_36' title='bbox 390 441 685 490; x_wconf 85' lang='lat' dir='ltr'>constitisset</span> <span class='ocrx_word' id='word_1_37' title='bbox 739 459 948 505; x_wconf 88' lang='lat' dir='ltr'>eamque</span> <span class='ocrx_word' id='word_1_38' title='bbox 1002 444 1173 491; x_wconf 94' lang='lat' dir='ltr'>urbem</span> <span class='ocrx_word' id='word_1_39' title='bbox 1230 441 1322 490; x_wconf 89' lang='lat' dir='ltr'>sibi</span> <span class='ocrx_word' id='word_1_40' title='bbox 1375 441 1682 491; x_wconf 83' lang='lat' dir='ltr'>Mithridates</span> <span class='ocrx_word' id='word_1_41' title='bbox 1732 442 1879 491; x_wconf 88' lang='lat' dir='ltr'>Asiae</span> 
     </span>
     <span class='ocr_line' id='line_1_6' title="bbox 150 516 1880 585; baseline 0.003 -21"><span class='ocrx_word' id='word_1_42' title='bbox 150 516 345 565; x_wconf 90' lang='lat' dir='ltr'>ianuam</span> <span class='ocrx_word' id='word_1_43' title='bbox 369 520 469 567; x_wconf 91' lang='lat' dir='ltr'>fore</span> <span class='ocrx_word' id='word_1_44' title='bbox 493 530 724 583; x_wconf 89' lang='lat' dir='ltr'>putasset,</span> <span class='ocrx_word' id='word_1_45' title='bbox 753 539 854 585; x_wconf 86' lang='lat' dir='ltr'>qua</span> <span class='ocrx_word' id='word_1_46' title='bbox 888 524 1084 571; x_wconf 87' lang='lat' dir='ltr'>effracta</span> <span class='ocrx_word' id='word_1_47' title='bbox 1115 531 1164 570; x_wconf 90' lang='lat' dir='ltr'>et</span> <span class='ocrx_word' id='word_1_48' title='bbox 1191 522 1381 569; x_wconf 89' lang='lat' dir='ltr'>revulsa</span> <span class='ocrx_word' id='word_1_49' title='bbox 1411 530 1515 569; x_wconf 90' lang='lat' dir='ltr'>tota</span> <span class='ocrx_word' id='word_1_50' title='bbox 1552 531 1738 584; x_wconf 87' lang='lat' dir='ltr'>pateret</span> <span class='ocrx_word' id='word_1_51' title='bbox 1772 538 1880 584; x_wconf 89' lang='lat' dir='ltr'>pro-</span> 
     </span>
     <span class='ocr_line' id='line_1_7' title="bbox 148 597 1876 663; baseline 0.003 -19"><span class='ocrx_word' id='word_1_52' title='bbox 148 597 319 657; x_wconf 90' lang='lat' dir='ltr'>vincia,</span> <span class='ocrx_word' id='word_1_53' title='bbox 359 599 427 647; x_wconf 89' lang='lat' dir='ltr'>ita</span> <span class='ocrx_word' id='word_1_54' title='bbox 466 603 679 663; x_wconf 85' lang='lat' dir='ltr'>perfecta</span> <span class='ocrx_word' id='word_1_55' title='bbox 715 604 778 650; x_wconf 88' lang='lat' dir='ltr'>ab</span> <span class='ocrx_word' id='word_1_56' title='bbox 816 603 1022 650; x_wconf 91' lang='lat' dir='ltr'>Lucullo</span> <span class='ocrx_word' id='word_1_57' title='bbox 1059 602 1182 649; x_wconf 93' lang='lat' dir='ltr'>haec</span> <span class='ocrx_word' id='word_1_58' title='bbox 1219 609 1331 649; x_wconf 90' lang='lat' dir='ltr'>sunt</span> <span class='ocrx_word' id='word_1_59' title='bbox 1368 599 1546 661; x_wconf 92' lang='lat' dir='ltr'>omnia,</span> <span class='ocrx_word' id='word_1_60' title='bbox 1585 610 1640 649; x_wconf 89' lang='lat' dir='ltr'>ut</span> <span class='ocrx_word' id='word_1_61' title='bbox 1678 610 1727 650; x_wconf 91' lang='lat' dir='ltr'>et</span> <span class='ocrx_word' id='word_1_62' title='bbox 1762 603 1876 658; x_wconf 90' lang='lat' dir='ltr'>urbs</span> 
     </span>
     <span class='ocr_line' id='line_1_8' title="bbox 148 677 1877 744; baseline 0.004 -20"><span class='ocrx_word' id='word_1_63' title='bbox 148 677 540 728; x_wconf 87' lang='lat' dir='ltr'>fidelissimorum</span> <span class='ocrx_word' id='word_1_64' title='bbox 578 682 822 730; x_wconf 87' lang='lat' dir='ltr'>sociorum</span> <span class='ocrx_word' id='word_1_65' title='bbox 864 683 1205 731; x_wconf 78' lang='lat' dir='ltr'>defenderetur</span> <span class='ocrx_word' id='word_1_66' title='bbox 1244 690 1294 730; x_wconf 93' lang='lat' dir='ltr'>et</span> <span class='ocrx_word' id='word_1_67' title='bbox 1333 697 1503 730; x_wconf 91' lang='lat' dir='ltr'>omnes</span> <span class='ocrx_word' id='word_1_68' title='bbox 1545 681 1715 743; x_wconf 88' lang='lat' dir='ltr'>copiae</span> <span class='ocrx_word' id='word_1_69' title='bbox 1753 682 1877 744; x_wconf 88' lang='lat' dir='ltr'>regis</span> 
     </span>
     <span class='ocr_line' id='line_1_9' title="bbox 149 756 1878 824; baseline 0.003 -19"><span class='ocrx_word' id='word_1_70' title='bbox 149 756 464 808; x_wconf 85' lang='lat' dir='ltr'>diuturnitate</span> <span class='ocrx_word' id='word_1_71' title='bbox 510 761 805 811; x_wconf 86' lang='lat' dir='ltr'>obsessionis</span> <span class='ocrx_word' id='word_1_72' title='bbox 842 770 1254 810; x_wconf 86' lang='lat' dir='ltr'>consumerentur.</span> <span class='ocrx_word' id='word_1_73' title='bbox 1317 761 1434 823; x_wconf 89' lang='lat' dir='ltr'>quid</span> <span class='ocrx_word' id='word_1_74' title='bbox 1454 764 1476 809; x_wconf 86' lang='lat'>?</span> <span class='ocrx_word' id='word_1_75' title='bbox 1510 761 1642 809; x_wconf 87' lang='lat' dir='ltr'>illam</span> <span class='ocrx_word' id='word_1_76' title='bbox 1664 778 1878 824; x_wconf 86' lang='lat' dir='ltr'>pugnam</span> 
     </span>
     <span class='ocr_line' id='line_1_10' title="bbox 147 839 1875 900; baseline 0.004 -17"><span class='ocrx_word' id='word_1_77' title='bbox 147 839 369 886; x_wconf 89' lang='lat' dir='ltr'>navalem</span> <span class='ocrx_word' id='word_1_78' title='bbox 404 840 467 887; x_wconf 90' lang='lat' dir='ltr'>ad</span> <span class='ocrx_word' id='word_1_79' title='bbox 499 842 773 900; x_wconf 80' lang='lat' dir='ltr'>Tenedum,</span> <span class='ocrx_word' id='word_1_80' title='bbox 800 858 914 888; x_wconf 92' lang='lat' dir='ltr'>cum</span> <span class='ocrx_word' id='word_1_81' title='bbox 946 849 1178 889; x_wconf 89' lang='lat' dir='ltr'>contento</span> <span class='ocrx_word' id='word_1_82' title='bbox 1208 857 1364 900; x_wconf 77' lang='lat' dir='ltr'>cursu,</span> <span class='ocrx_word' id='word_1_83' title='bbox 1389 840 1631 899; x_wconf 82' lang='lat' dir='ltr'>acerrimis</span> <span class='ocrx_word' id='word_1_84' title='bbox 1655 841 1875 900; x_wconf 78' lang='lat' dir='ltr'>ducibUS,</span> 
     </span>
     <span class='ocr_line' id='line_1_11' title="bbox 146 914 1879 981; baseline 0.003 -20"><span class='ocrx_word' id='word_1_85' title='bbox 146 914 359 962; x_wconf 89' lang='lat' dir='ltr'>hostium</span> <span class='ocrx_word' id='word_1_86' title='bbox 398 916 562 965; x_wconf 87' lang='lat' dir='ltr'>classis</span> <span class='ocrx_word' id='word_1_87' title='bbox 605 918 799 965; x_wconf 85' lang='lat' dir='ltr'>Italiam</span> <span class='ocrx_word' id='word_1_88' title='bbox 837 934 922 980; x_wconf 91' lang='lat' dir='ltr'>spe</span> <span class='ocrx_word' id='word_1_89' title='bbox 959 928 1106 980; x_wconf 86' lang='lat' dir='ltr'>atque</span> <span class='ocrx_word' id='word_1_90' title='bbox 1147 918 1321 966; x_wconf 88' lang='lat' dir='ltr'>animis</span> <span class='ocrx_word' id='word_1_91' title='bbox 1358 918 1523 966; x_wconf 90' lang='lat' dir='ltr'>inflata</span> <span class='ocrx_word' id='word_1_92' title='bbox 1555 927 1753 981; x_wconf 90' lang='lat' dir='ltr'>peteret,</span> <span class='ocrx_word' id='word_1_93' title='bbox 1780 936 1879 968; x_wconf 88' lang='lat' dir='ltr'>me-</span> 
     </span>
     <span class='ocr_line' id='line_1_12' title="bbox 147 994 1880 1060; baseline 0.002 -17"><span class='ocrx_word' id='word_1_94' title='bbox 147 994 300 1043; x_wconf 90' lang='lat' dir='ltr'>diocri</span> <span class='ocrx_word' id='word_1_95' title='bbox 337 996 599 1045; x_wconf 86' lang='lat' dir='ltr'>certamine</span> <span class='ocrx_word' id='word_1_96' title='bbox 633 1007 682 1045; x_wconf 90' lang='lat' dir='ltr'>et</span> <span class='ocrx_word' id='word_1_97' title='bbox 708 1014 856 1060; x_wconf 87' lang='lat' dir='ltr'>parva</span> <span class='ocrx_word' id='word_1_98' title='bbox 896 997 1212 1046; x_wconf 89' lang='lat' dir='ltr'>dimicatione</span> <span class='ocrx_word' id='word_1_99' title='bbox 1249 998 1563 1047; x_wconf 88' lang='lat' dir='ltr'>commissam</span> <span class='ocrx_word' id='word_1_100' title='bbox 1599 998 1880 1048; x_wconf 90' lang='lat' dir='ltr'>arbitraris?</span> 
     </span>
     <span class='ocr_line' id='line_1_13' title="bbox 148 1074 1878 1147; baseline 0.003 -25"><span class='ocrx_word' id='word_1_101' title='bbox 148 1074 288 1123; x_wconf 92' lang='lat' dir='ltr'>mitto</span> <span class='ocrx_word' id='word_1_102' title='bbox 320 1077 516 1137; x_wconf 86' lang='lat' dir='ltr'>proelia,</span> <span class='ocrx_word' id='word_1_103' title='bbox 555 1087 804 1139; x_wconf 88' lang='lat' dir='ltr'>praetereo</span> <span class='ocrx_word' id='word_1_104' title='bbox 846 1078 1237 1140; x_wconf 89' lang='lat' dir='ltr'>oppugnationes</span> <span class='ocrx_word' id='word_1_105' title='bbox 1278 1077 1606 1147; x_wconf 79' lang='lat' dir='ltr'>oppidorum:</span> <span class='ocrx_word' id='word_1_106' title='bbox 1649 1080 1878 1141; x_wconf 79' lang='lat' dir='ltr'>expulsus</span> 
     </span>
     <span class='ocr_line' id='line_1_14' title="bbox 147 1157 1878 1220; baseline 0.003 -18"><span class='ocrx_word' id='word_1_107' title='bbox 147 1171 296 1217; x_wconf 86' lang='lat' dir='ltr'>regno</span> <span class='ocrx_word' id='word_1_108' title='bbox 316 1157 515 1204; x_wconf 89' lang='lat' dir='ltr'>tandem</span> <span class='ocrx_word' id='word_1_109' title='bbox 533 1157 796 1219; x_wconf 88' lang='lat' dir='ltr'>aliquando</span> <span class='ocrx_word' id='word_1_110' title='bbox 815 1167 1004 1206; x_wconf 90' lang='lat' dir='ltr'>tantum</span> <span class='ocrx_word' id='word_1_111' title='bbox 1023 1167 1188 1206; x_wconf 88' lang='lat' dir='ltr'>tamen</span> <span class='ocrx_word' id='word_1_112' title='bbox 1208 1157 1411 1206; x_wconf 90' lang='lat' dir='ltr'>consilio</span> <span class='ocrx_word' id='word_1_113' title='bbox 1429 1167 1577 1220; x_wconf 89' lang='lat' dir='ltr'>atque</span> <span class='ocrx_word' id='word_1_114' title='bbox 1591 1158 1878 1207; x_wconf 87' lang='lat' dir='ltr'>auctoritate</span> 
     </span>
     <span class='ocr_line' id='line_1_15' title="bbox 148 1229 1878 1301; baseline 0.003 -19"><span class='ocrx_word' id='word_1_115' title='bbox 148 1235 313 1295; x_wconf 88' lang='lat' dir='ltr'>valuit,</span> <span class='ocrx_word' id='word_1_116' title='bbox 340 1245 394 1284; x_wconf 90' lang='lat' dir='ltr'>ut</span> <span class='ocrx_word' id='word_1_117' title='bbox 418 1253 468 1299; x_wconf 79' lang='lat' dir='ltr'>se</span> <span class='ocrx_word' id='word_1_118' title='bbox 492 1253 603 1299; x_wconf 86' lang='lat' dir='ltr'>rege</span> <span class='ocrx_word' id='word_1_119' title='bbox 627 1237 969 1286; x_wconf 90' lang='lat' dir='ltr'>Armeniorum</span> <span class='ocrx_word' id='word_1_120' title='bbox 993 1238 1226 1286; x_wconf 89' lang='lat' dir='ltr'>adiuncto</span> <span class='ocrx_word' id='word_1_121' title='bbox 1251 1229 1390 1286; x_wconf 89' lang='lat' dir='ltr'>novis</span> <span class='ocrx_word' id='word_1_122' title='bbox 1421 1237 1596 1300; x_wconf 89' lang='lat' dir='ltr'>opibus</span> <span class='ocrx_word' id='word_1_123' title='bbox 1627 1238 1878 1301; x_wconf 89' lang='lat' dir='ltr'>copiisque</span> 
     </span>
     <span class='ocr_line' id='line_1_16' title="bbox 148 1317 1879 1380; baseline 0.002 -16"><span class='ocrx_word' id='word_1_124' title='bbox 148 1317 401 1366; x_wconf 90' lang='lat' dir='ltr'>renovarit.</span> <span class='ocrx_word' id='word_1_125' title='bbox 478 1332 582 1365; x_wconf 85' lang='lat' dir='ltr'>XVI.</span> <span class='ocrx_word' id='word_1_126' title='bbox 630 1334 688 1365; x_wconf 87' lang='lat' dir='ltr'>ac</span> <span class='ocrx_word' id='word_1_127' title='bbox 729 1318 768 1366; x_wconf 94' lang='lat' dir='ltr'>si</span> <span class='ocrx_word' id='word_1_128' title='bbox 801 1318 921 1366; x_wconf 88' lang='lat' dir='ltr'>mihi</span> <span class='ocrx_word' id='word_1_129' title='bbox 955 1335 1088 1366; x_wconf 92' lang='lat' dir='ltr'>nunc</span> <span class='ocrx_word' id='word_1_130' title='bbox 1120 1319 1182 1367; x_wconf 91' lang='lat' dir='ltr'>de</span> <span class='ocrx_word' id='word_1_131' title='bbox 1213 1320 1356 1366; x_wconf 92' lang='lat' dir='ltr'>rebus</span> <span class='ocrx_word' id='word_1_132' title='bbox 1391 1317 1538 1380; x_wconf 79' lang='lat' dir='ltr'>gestis</span> <span class='ocrx_word' id='word_1_133' title='bbox 1567 1327 1694 1373; x_wconf 84' lang='lat' dir='ltr'>esset</span> <span class='ocrx_word' id='word_1_134' title='bbox 1726 1319 1879 1367; x_wconf 87' lang='lat' dir='ltr'>nostri</span> 
     </span>
     <span class='ocr_line' id='line_1_17' title="bbox 149 1397 1879 1462; baseline 0.002 -17"><span class='ocrx_word' id='word_1_135' title='bbox 149 1397 386 1446; x_wconf 88' lang='lat' dir='ltr'>exercitus</span> <span class='ocrx_word' id='word_1_136' title='bbox 410 1398 807 1460; x_wconf 86' lang='lat' dir='ltr'>imperatorisque</span> <span class='ocrx_word' id='word_1_137' title='bbox 844 1399 1123 1460; x_wconf 88' lang='lat' dir='ltr'>dicendum,</span> <span class='ocrx_word' id='word_1_138' title='bbox 1158 1399 1365 1462; x_wconf 88' lang='lat' dir='ltr'>plurima</span> <span class='ocrx_word' id='word_1_139' title='bbox 1388 1408 1436 1448; x_wconf 92' lang='lat' dir='ltr'>et</span> <span class='ocrx_word' id='word_1_140' title='bbox 1459 1398 1672 1448; x_wconf 74' lang='lat' dir='ltr'>maxima</span> <span class='ocrx_word' id='word_1_141' title='bbox 1695 1400 1879 1462; x_wconf 87' lang='lat' dir='ltr'>proelia</span> 
     </span>
     <span class='ocr_line' id='line_1_18' title="bbox 64 1480 1880 1546; baseline 0 -18"><span class='ocrx_word' id='word_1_142' title='bbox 64 1481 127 1529; x_wconf 86' lang='lat'>34</span> <span class='ocrx_word' id='word_1_143' title='bbox 149 1493 528 1527; x_wconf 90' lang='lat' dir='ltr'>commemorare</span> <span class='ocrx_word' id='word_1_144' title='bbox 559 1495 769 1541; x_wconf 85' lang='lat' dir='ltr'>possem,</span> <span class='ocrx_word' id='word_1_145' title='bbox 797 1481 882 1528; x_wconf 92' lang='lat' dir='ltr'>sed</span> <span class='ocrx_word' id='word_1_146' title='bbox 910 1497 1012 1528; x_wconf 93' lang='lat' dir='ltr'>non</span> <span class='ocrx_word' id='word_1_147' title='bbox 1037 1481 1087 1528; x_wconf 93' lang='lat' dir='ltr'>id</span> <span class='ocrx_word' id='word_1_148' title='bbox 1115 1481 1318 1543; x_wconf 85' lang='lat' dir='ltr'>agimus.</span> <span class='ocrx_word' id='word_1_149' title='bbox 1382 1481 1479 1529; x_wconf 94' lang='lat' dir='ltr'>hoc</span> <span class='ocrx_word' id='word_1_150' title='bbox 1511 1480 1653 1528; x_wconf 90' lang='lat' dir='ltr'>dico:</span> <span class='ocrx_word' id='word_1_151' title='bbox 1701 1480 1741 1528; x_wconf 93' lang='lat' dir='ltr'>si</span> <span class='ocrx_word' id='word_1_152' title='bbox 1780 1483 1880 1546; x_wconf 84' lang='lat' dir='ltr'>bel-</span> 
     </span>
     <span class='ocr_line' id='line_1_19' title="bbox 146 1558 1876 1624; baseline 0.003 -19"><span class='ocrx_word' id='word_1_153' title='bbox 146 1559 249 1605; x_wconf 91' lang='lat' dir='ltr'>lum</span> <span class='ocrx_word' id='word_1_154' title='bbox 272 1558 381 1618; x_wconf 91' lang='lat' dir='ltr'>hoc,</span> <span class='ocrx_word' id='word_1_155' title='bbox 408 1558 448 1606; x_wconf 90' lang='lat' dir='ltr'>si</span> <span class='ocrx_word' id='word_1_156' title='bbox 476 1558 556 1606; x_wconf 92' lang='lat' dir='ltr'>hic</span> <span class='ocrx_word' id='word_1_157' title='bbox 587 1559 752 1619; x_wconf 90' lang='lat' dir='ltr'>hostis,</span> <span class='ocrx_word' id='word_1_158' title='bbox 789 1560 828 1608; x_wconf 92' lang='lat' dir='ltr'>si</span> <span class='ocrx_word' id='word_1_159' title='bbox 856 1561 936 1609; x_wconf 93' lang='lat' dir='ltr'>ille</span> <span class='ocrx_word' id='word_1_160' title='bbox 967 1578 1052 1610; x_wconf 85' lang='lat' dir='ltr'>rex</span> <span class='ocrx_word' id='word_1_161' title='bbox 1085 1563 1474 1610; x_wconf 91' lang='lat' dir='ltr'>contemnendus</span> <span class='ocrx_word' id='word_1_162' title='bbox 1508 1561 1690 1620; x_wconf 89' lang='lat' dir='ltr'>fuisset,</span> <span class='ocrx_word' id='word_1_163' title='bbox 1715 1578 1876 1624; x_wconf 83' lang='lat' dir='ltr'>neque</span> 
     </span>
     <span class='ocr_line' id='line_1_20' title="bbox 146 1639 1874 1703; baseline 0.003 -20"><span class='ocrx_word' id='word_1_164' title='bbox 146 1645 280 1684; x_wconf 87' lang='lat' dir='ltr'>tanta</span> <span class='ocrx_word' id='word_1_165' title='bbox 305 1654 419 1685; x_wconf 87' lang='lat' dir='ltr'>cura</span> <span class='ocrx_word' id='word_1_166' title='bbox 442 1647 638 1687; x_wconf 92' lang='lat' dir='ltr'>senatus</span> <span class='ocrx_word' id='word_1_167' title='bbox 671 1648 720 1687; x_wconf 91' lang='lat' dir='ltr'>et</span> <span class='ocrx_word' id='word_1_168' title='bbox 743 1642 952 1702; x_wconf 88' lang='lat' dir='ltr'>populus</span> <span class='ocrx_word' id='word_1_169' title='bbox 979 1642 1234 1689; x_wconf 88' lang='lat' dir='ltr'>Romanus</span> <span class='ocrx_word' id='word_1_170' title='bbox 1258 1640 1620 1703; x_wconf 88' lang='lat' dir='ltr'>suscipiendum</span> <span class='ocrx_word' id='word_1_171' title='bbox 1643 1639 1874 1703; x_wconf 85' lang='lat' dir='ltr'>putasset,</span> 
     </span>
     <span class='ocr_line' id='line_1_21' title="bbox 145 1719 1875 1788; baseline 0.002 -23"><span class='ocrx_word' id='word_1_172' title='bbox 145 1734 305 1780; x_wconf 91' lang='lat' dir='ltr'>neque</span> <span class='ocrx_word' id='word_1_173' title='bbox 337 1727 409 1767; x_wconf 91' lang='lat' dir='ltr'>tot</span> <span class='ocrx_word' id='word_1_174' title='bbox 442 1735 597 1768; x_wconf 89' lang='lat' dir='ltr'>annos</span> <span class='ocrx_word' id='word_1_175' title='bbox 628 1719 853 1782; x_wconf 85' lang='lat' dir='ltr'>gessisset</span> <span class='ocrx_word' id='word_1_176' title='bbox 881 1729 1014 1788; x_wconf 83' lang='lat' dir='ltr'>tanta</span> <span class='ocrx_word' id='word_1_177' title='bbox 1041 1721 1193 1783; x_wconf 89' lang='lat' dir='ltr'>gloria</span> <span class='ocrx_word' id='word_1_178' title='bbox 1221 1723 1264 1769; x_wconf 97' lang='lat' dir='ltr'>L</span> <span class='ocrx_word' id='word_1_179' title='bbox 1293 1722 1538 1788; x_wconf 82' lang='lat' dir='ltr'>Lucullus,</span> <span class='ocrx_word' id='word_1_180' title='bbox 1572 1736 1732 1782; x_wconf 89' lang='lat' dir='ltr'>neque</span> <span class='ocrx_word' id='word_1_181' title='bbox 1761 1737 1875 1769; x_wconf 90' lang='lat' dir='ltr'>vero</span> 
     </span>
    </p>
   </div>
   <div class='ocr_carea' id='block_1_3' title="bbox 145 1841 962 1943">
    <p class='ocr_par' dir='ltr' id='par_1_3' title="bbox 145 1841 962 1943">
     <span class='ocr_line' id='line_1_22' title="bbox 146 1841 962 1901; baseline 0.004 -22"><span class='ocrx_word' id='word_1_182' title='bbox 146 1841 296 1901; x_wconf 72' lang='lat' dir='ltr'>l&lt;edon‚</span> <span class='ocrx_word' id='word_1_183' title='bbox 312 1841 450 1881; x_wconf 80' lang='lat' dir='ltr'>before</span> <span class='ocrx_word' id='word_1_184' title='bbox 465 1842 532 1881; x_wconf 91' lang='lat' dir='ltr'>the</span> <span class='ocrx_word' id='word_1_185' title='bbox 545 1843 690 1881; x_wconf 85' lang='lat' dir='ltr'>arrival</span> <span class='ocrx_word' id='word_1_186' title='bbox 703 1842 749 1882; x_wconf 88' lang='lat' dir='ltr'>of</span> <span class='ocrx_word' id='word_1_187' title='bbox 757 1843 962 1891; x_wconf 89' lang='lat' dir='ltr'>Lucullus,</span> 
     </span>
     <span class='ocr_line' id='line_1_23' title="bbox 145 1904 358 1943; baseline -0.005 -10"><span class='ocrx_word' id='word_1_188' title='bbox 145 1908 188 1933; x_wconf 82' lang='lat' dir='ltr'>ln</span> <span class='ocrx_word' id='word_1_189' title='bbox 210 1905 234 1932; x_wconf 89' lang='lat' dir='ltr'>B</span> <span class='ocrx_word' id='word_1_190' title='bbox 249 1904 274 1932; x_wconf 93' lang='lat' dir='ltr'>C</span> <span class='ocrx_word' id='word_1_191' title='bbox 297 1905 358 1943; x_wconf 85' lang='lat'>74.</span> 
     </span>
    </p>
   </div>
   <div class='ocr_carea' id='block_1_4' title="bbox 1049 1842 1875 1946">
    <p class='ocr_par' dir='ltr' id='par_1_4' title="bbox 1049 1842 1875 1946">
     <span class='ocr_line' id='line_1_24' title="bbox 1049 1842 1875 1895; baseline 0.001 -13"><span class='ocrx_word' id='word_1_192' title='bbox 1049 1844 1166 1891; x_wconf 89' lang='lat' dir='ltr'>tion,&#39;</span> <span class='ocrx_word' id='word_1_193' title='bbox 1186 1843 1283 1883; x_wconf 90' lang='lat' dir='ltr'>here</span> <span class='ocrx_word' id='word_1_194' title='bbox 1318 1842 1476 1895; x_wconf 87' lang='lat' dir='ltr'>‘siege.’</span> <span class='ocrx_word' id='word_1_195' title='bbox 1532 1843 1737 1895; x_wconf 90' lang='lat' dir='ltr'>Compare</span> <span class='ocrx_word' id='word_1_196' title='bbox 1770 1843 1875 1884; x_wconf 88' lang='lat' dir='ltr'>Caes</span> 
     </span>
     <span class='ocr_line' id='line_1_25' title="bbox 1051 1897 1874 1946; baseline 0 -10"><span class='ocrx_word' id='word_1_197' title='bbox 1051 1898 1142 1936; x_wconf 88' lang='lat' dir='ltr'>Bell</span> <span class='ocrx_word' id='word_1_198' title='bbox 1163 1897 1239 1936; x_wconf 91' lang='lat' dir='ltr'>Civ</span> <span class='ocrx_word' id='word_1_199' title='bbox 1266 1907 1321 1935; x_wconf 83' lang='lat'>111</span> <span class='ocrx_word' id='word_1_200' title='bbox 1353 1909 1416 1946; x_wconf 73' lang='lat'>24,</span> <span class='ocrx_word' id='word_1_201' title='bbox 1449 1897 1695 1936; x_wconf 81' lang='lat' dir='ltr'>obsessionem</span> <span class='ocrx_word' id='word_1_202' title='bbox 1725 1903 1874 1936; x_wconf 86' lang='lat' dir='ltr'>nostro-</span> 
     </span>
    </p>
   </div>
   <div class='ocr_carea' id='block_1_5' title="bbox 146 1948 968 2054">
    <p class='ocr_par' dir='ltr' id='par_1_5' title="bbox 146 1948 968 2054">
     <span class='ocr_line' id='line_1_26' title="bbox 198 1948 965 1996; baseline 0.003 -10"><span class='ocrx_word' id='word_1_203' title='bbox 198 1948 440 1996; x_wconf 79' lang='lat' dir='ltr'>constitisset]</span> <span class='ocrx_word' id='word_1_204' title='bbox 471 1949 492 1986; x_wconf 85' lang='lat'>1</span> <span class='ocrx_word' id='word_1_205' title='bbox 521 1961 596 1987; x_wconf 92' lang='lat' dir='ltr'>can</span> <span class='ocrx_word' id='word_1_206' title='bbox 619 1962 684 1988; x_wconf 90' lang='lat' dir='ltr'>see</span> <span class='ocrx_word' id='word_1_207' title='bbox 712 1962 766 1988; x_wconf 90' lang='lat' dir='ltr'>no</span> <span class='ocrx_word' id='word_1_208' title='bbox 795 1949 965 1988; x_wconf 86' lang='lat' dir='ltr'>alterna-</span> 
     </span>
     <span class='ocr_line' id='line_1_27' title="bbox 146 2001 968 2054; baseline 0.002 -14"><span class='ocrx_word' id='word_1_209' title='bbox 146 2001 228 2040; x_wconf 90' lang='lat' dir='ltr'>tive</span> <span class='ocrx_word' id='word_1_210' title='bbox 246 2002 319 2040; x_wconf 90' lang='lat' dir='ltr'>but</span> <span class='ocrx_word' id='word_1_211' title='bbox 337 2008 379 2041; x_wconf 91' lang='lat' dir='ltr'>to</span> <span class='ocrx_word' id='word_1_212' title='bbox 398 2009 538 2054; x_wconf 89' lang='lat' dir='ltr'>accept</span> <span class='ocrx_word' id='word_1_213' title='bbox 564 2002 645 2041; x_wconf 84' lang='lat' dir='ltr'>this</span> <span class='ocrx_word' id='word_1_214' title='bbox 663 2003 886 2042; x_wconf 89' lang='lat' dir='ltr'>correction</span> <span class='ocrx_word' id='word_1_215' title='bbox 905 2004 968 2042; x_wconf 88' lang='lat' dir='ltr'>sor</span> 
     </span>
    </p>
   </div>
   <div class='ocr_carea' id='block_1_6' title="bbox 145 2054 975 2100">
    <p class='ocr_par' dir='ltr' id='par_1_6' title="bbox 145 2054 975 2100">
     <span class='ocr_line' id='line_1_28' title="bbox 145 2054 975 2100; baseline 0.004 -8"><span class='ocrx_word' id='word_1_216' title='bbox 145 2054 330 2094; x_wconf 83' lang='lat' dir='ltr'>extitisset</span> <span class='ocrx_word' id='word_1_217' title='bbox 363 2054 410 2093; x_wconf 88' lang='lat' dir='ltr'>of</span> <span class='ocrx_word' id='word_1_218' title='bbox 441 2055 510 2094; x_wconf 88' lang='lat' dir='ltr'>the</span> <span class='ocrx_word' id='word_1_219' title='bbox 543 2065 638 2100; x_wconf 83' lang='lat' dir='ltr'>MSS,</span> <span class='ocrx_word' id='word_1_220' title='bbox 670 2056 805 2095; x_wconf 90' lang='lat' dir='ltr'>which</span> <span class='ocrx_word' id='word_1_221' title='bbox 837 2070 975 2095; x_wconf 75' lang='lat' dir='ltr'>seems</span> 
     </span>
    </p>
   </div>
   <div class='ocr_carea' id='block_1_7' title="bbox 100 2108 972 2961">
    <p class='ocr_par' dir='ltr' id='par_1_7' title="bbox 100 2108 972 2734">
     <span class='ocr_line' id='line_1_29' title="bbox 147 2108 967 2160; baseline 0.004 -14"><span class='ocrx_word' id='word_1_222' title='bbox 147 2108 414 2159; x_wconf 86' lang='lat' dir='ltr'>inexplicable</span> <span class='ocrx_word' id='word_1_223' title='bbox 433 2108 531 2147; x_wconf 91' lang='lat' dir='ltr'>with</span> <span class='ocrx_word' id='word_1_224' title='bbox 550 2109 728 2160; x_wconf 79' lang='lat' dir='ltr'>impetus.</span> <span class='ocrx_word' id='word_1_225' title='bbox 768 2110 846 2149; x_wconf 91' lang='lat' dir='ltr'>We</span> <span class='ocrx_word' id='word_1_226' title='bbox 859 2116 967 2149; x_wconf 85' lang='lat' dir='ltr'>must</span> 
     </span>
     <span class='ocr_line' id='line_1_30' title="bbox 146 2161 961 2214; baseline 0.002 -15"><span class='ocrx_word' id='word_1_227' title='bbox 146 2167 216 2200; x_wconf 90' lang='lat' dir='ltr'>not</span> <span class='ocrx_word' id='word_1_228' title='bbox 249 2161 437 2201; x_wconf 89' lang='lat' dir='ltr'>however</span> <span class='ocrx_word' id='word_1_229' title='bbox 460 2175 649 2213; x_wconf 90' lang='lat' dir='ltr'>compare</span> <span class='ocrx_word' id='word_1_230' title='bbox 678 2163 756 2201; x_wconf 93' lang='lat' dir='ltr'>Liv</span> <span class='ocrx_word' id='word_1_231' title='bbox 783 2173 867 2201; x_wconf 86' lang='lat' dir='ltr'>XXI</span> <span class='ocrx_word' id='word_1_232' title='bbox 896 2176 961 2214; x_wconf 89' lang='lat'>49,</span> 
     </span>
     <span class='ocr_line' id='line_1_31' title="bbox 145 2215 965 2263; baseline 0.005 -12"><span class='ocrx_word' id='word_1_233' title='bbox 145 2224 249 2252; x_wconf 75' lang='lat' dir='ltr'>XXII</span> <span class='ocrx_word' id='word_1_234' title='bbox 272 2225 334 2263; x_wconf 79' lang='lat'>32,</span> <span class='ocrx_word' id='word_1_235' title='bbox 358 2215 432 2263; x_wconf 86' lang='lat' dir='ltr'>for,</span> <span class='ocrx_word' id='word_1_236' title='bbox 456 2228 501 2255; x_wconf 87' lang='lat' dir='ltr'>as</span> <span class='ocrx_word' id='word_1_237' title='bbox 527 2216 657 2254; x_wconf 89' lang='lat' dir='ltr'>Halm</span> <span class='ocrx_word' id='word_1_238' title='bbox 685 2216 879 2262; x_wconf 86' lang='lat' dir='ltr'>remarks,</span> <span class='ocrx_word' id='word_1_239' title='bbox 897 2217 965 2256; x_wconf 89' lang='lat' dir='ltr'>the</span> 
     </span>
     <span class='ocr_line' id='line_1_32' title="bbox 100 2268 966 2318; baseline 0.003 -12"><span class='ocrx_word' id='word_1_240' title='bbox 100 2281 105 2284; x_wconf 87' lang='lat'>·</span> <span class='ocrx_word' id='word_1_241' title='bbox 145 2268 336 2318; x_wconf 89' lang='lat' dir='ltr'>meaning</span> <span class='ocrx_word' id='word_1_242' title='bbox 371 2268 485 2307; x_wconf 89' lang='lat' dir='ltr'>there</span> <span class='ocrx_word' id='word_1_243' title='bbox 514 2268 548 2308; x_wconf 87' lang='lat' dir='ltr'>is</span> <span class='ocrx_word' id='word_1_244' title='bbox 588 2269 691 2308; x_wconf 86' lang='lat' dir='ltr'>‘had</span> <span class='ocrx_word' id='word_1_245' title='bbox 720 2283 836 2309; x_wconf 91' lang='lat' dir='ltr'>come</span> <span class='ocrx_word' id='word_1_246' title='bbox 867 2276 908 2309; x_wconf 86' lang='lat' dir='ltr'>to</span> <span class='ocrx_word' id='word_1_247' title='bbox 941 2283 966 2309; x_wconf 90' lang='lat' dir='ltr'>a</span> 
     </span>
     <span class='ocr_line' id='line_1_33' title="bbox 145 2320 972 2370; baseline 0.002 -10"><span class='ocrx_word' id='word_1_248' title='bbox 145 2320 387 2370; x_wconf 84' lang='lat' dir='ltr'>standsti113’</span> <span class='ocrx_word' id='word_1_249' title='bbox 423 2322 533 2370; x_wconf 90' lang='lat' dir='ltr'>here,</span> <span class='ocrx_word' id='word_1_250' title='bbox 572 2323 678 2362; x_wconf 90' lang='lat' dir='ltr'>‘had</span> <span class='ocrx_word' id='word_1_251' title='bbox 714 2336 829 2362; x_wconf 90' lang='lat' dir='ltr'>come</span> <span class='ocrx_word' id='word_1_252' title='bbox 862 2330 904 2362; x_wconf 91' lang='lat' dir='ltr'>to</span> <span class='ocrx_word' id='word_1_253' title='bbox 941 2320 972 2361; x_wconf 88' lang='lat' dir='ltr'>a&#39;</span> 
     </span>
     <span class='ocr_line' id='line_1_34' title="bbox 143 2373 964 2416; baseline 0.004 -3"><span class='ocrx_word' id='word_1_254' title='bbox 143 2373 279 2414; x_wconf 91' lang='lat' dir='ltr'>head.&#39;</span> <span class='ocrx_word' id='word_1_255' title='bbox 351 2375 442 2414; x_wconf 91' lang='lat' dir='ltr'>The</span> <span class='ocrx_word' id='word_1_256' title='bbox 478 2378 568 2414; x_wconf 90' lang='lat' dir='ltr'>ruin</span> <span class='ocrx_word' id='word_1_257' title='bbox 605 2376 651 2414; x_wconf 93' lang='lat' dir='ltr'>of</span> <span class='ocrx_word' id='word_1_258' title='bbox 692 2375 964 2416; x_wconf 87' lang='lat' dir='ltr'>Mithridates&#39;</span> 
     </span>
     <span class='ocr_line' id='line_1_35' title="bbox 143 2428 964 2480; baseline 0.004 -14"><span class='ocrx_word' id='word_1_259' title='bbox 143 2428 274 2478; x_wconf 87' lang='lat' dir='ltr'>grand</span> <span class='ocrx_word' id='word_1_260' title='bbox 300 2441 414 2479; x_wconf 87' lang='lat' dir='ltr'>army</span> <span class='ocrx_word' id='word_1_261' title='bbox 431 2428 570 2468; x_wconf 87' lang='lat' dir='ltr'>before</span> <span class='ocrx_word' id='word_1_262' title='bbox 599 2430 783 2480; x_wconf 87' lang='lat' dir='ltr'>Kyzikus</span> <span class='ocrx_word' id='word_1_263' title='bbox 809 2439 964 2480; x_wconf 79' lang='lat'><strong>74—73</strong></span> 
     </span>
     <span class='ocr_line' id='line_1_36' title="bbox 146 2481 964 2522; baseline 0.004 -3"><span class='ocrx_word' id='word_1_264' title='bbox 146 2491 171 2519; x_wconf 89' lang='grc' dir='ltr'>Β</span> <span class='ocrx_word' id='word_1_265' title='bbox 187 2491 214 2520; x_wconf 92' lang='lat' dir='ltr'>c</span> <span class='ocrx_word' id='word_1_266' title='bbox 243 2481 277 2520; x_wconf 93' lang='lat' dir='ltr'>is</span> <span class='ocrx_word' id='word_1_267' title='bbox 304 2481 467 2520; x_wconf 88' lang='lat' dir='ltr'>allu&#39;ded</span> <span class='ocrx_word' id='word_1_268' title='bbox 495 2489 548 2521; x_wconf 89' lang='lat' dir='ltr'>to.</span> <span class='ocrx_word' id='word_1_269' title='bbox 616 2485 626 2502; x_wconf 80' lang='lat'><strong><em>⁴</em></strong></span> <span class='ocrx_word' id='word_1_270' title='bbox 642 2483 777 2522; x_wconf 90' lang='lat' dir='ltr'>When</span> <span class='ocrx_word' id='word_1_271' title='bbox 800 2483 869 2522; x_wconf 93' lang='lat' dir='ltr'>the</span> <span class='ocrx_word' id='word_1_272' title='bbox 890 2482 964 2522; x_wconf 84' lang='lat' dir='ltr'>full</span> 
     </span>
     <span class='ocr_line' id='line_1_37' title="bbox 144 2534 964 2575; baseline 0.002 -2"><span class='ocrx_word' id='word_1_273' title='bbox 144 2534 273 2574; x_wconf 89' lang='lat' dir='ltr'>shock</span> <span class='ocrx_word' id='word_1_274' title='bbox 291 2535 340 2573; x_wconf 89' lang='lat' dir='ltr'>of</span> <span class='ocrx_word' id='word_1_275' title='bbox 361 2535 430 2574; x_wconf 89' lang='lat' dir='ltr'>the</span> <span class='ocrx_word' id='word_1_276' title='bbox 456 2548 540 2574; x_wconf 87' lang='lat' dir='ltr'>war</span> <span class='ocrx_word' id='word_1_277' title='bbox 560 2535 644 2574; x_wconf 87' lang='lat' dir='ltr'>had</span> <span class='ocrx_word' id='word_1_278' title='bbox 666 2536 790 2575; x_wconf 86' lang='lat' dir='ltr'>fallen</span> <span class='ocrx_word' id='word_1_279' title='bbox 817 2543 859 2575; x_wconf 90' lang='lat' dir='ltr'>at</span> <span class='ocrx_word' id='word_1_280' title='bbox 886 2549 964 2575; x_wconf 93' lang='lat' dir='ltr'>one</span> 
     </span>
     <span class='ocr_line' id='line_1_38' title="bbox 144 2588 972 2658; baseline 0.001 -31"><span class='ocrx_word' id='word_1_281' title='bbox 144 2600 285 2639; x_wconf 87' lang='lat' dir='ltr'>swoop</span> <span class='ocrx_word' id='word_1_282' title='bbox 320 2601 432 2658; x_wconf 80' lang='lat' dir='ltr'>upon</span> <span class='ocrx_word' id='word_1_283' title='bbox 472 2588 541 2628; x_wconf 86' lang='lat' dir='ltr'>the</span> <span class='ocrx_word' id='word_1_284' title='bbox 586 2589 879 2629; x_wconf 86' lang='lat' dir='ltr'>fortress-town</span> <span class='ocrx_word' id='word_1_285' title='bbox 924 2589 972 2628; x_wconf 95' lang='lat' dir='ltr'>of</span> 
     </span>
     <span class='ocr_line' id='line_1_39' title="bbox 146 2641 965 2693; baseline 0.002 -13"><span class='ocrx_word' id='word_1_286' title='bbox 146 2641 340 2693; x_wconf 89' lang='lat' dir='ltr'>Kyzikus.</span> <span class='ocrx_word' id='word_1_287' title='bbox 429 2641 553 2681; x_wconf 90' lang='lat' dir='ltr'>Sorof</span> <span class='ocrx_word' id='word_1_288' title='bbox 592 2643 678 2682; x_wconf 89' lang='lat' dir='ltr'>also</span> <span class='ocrx_word' id='word_1_289' title='bbox 723 2643 839 2682; x_wconf 87' lang='lat' dir='ltr'>takes</span> <span class='ocrx_word' id='word_1_290' title='bbox 884 2643 965 2682; x_wconf 87' lang='lat' dir='ltr'>this</span> 
     </span>
     <span class='ocr_line' id='line_1_40' title="bbox 144 2708 262 2734; baseline -0.017 0"><span class='ocrx_word' id='word_1_291' title='bbox 144 2708 262 2734; x_wconf 78' lang='lat' dir='ltr'>view.</span> 
     </span>
    </p>

    <p class='ocr_par' dir='ltr' id='par_1_8' title="bbox 143 2747 966 2894">
     <span class='ocr_line' id='line_1_41' title="bbox 196 2747 964 2800; baseline 0.003 -14"><span class='ocrx_word' id='word_1_292' title='bbox 196 2747 466 2799; x_wconf 82' lang='lat' dir='ltr'>defenderetur</span> <span class='ocrx_word' id='word_1_293' title='bbox 482 2748 562 2797; x_wconf 87' lang='lat' dir='ltr'>etc]</span> <span class='ocrx_word' id='word_1_294' title='bbox 582 2761 771 2800; x_wconf 66' lang='lat' dir='ltr'>compare</span> <span class='ocrx_word' id='word_1_295' title='bbox 791 2762 865 2800; x_wconf 89' lang='lat' dir='ltr'>pro</span> <span class='ocrx_word' id='word_1_296' title='bbox 885 2749 964 2788; x_wconf 92' lang='lat' dir='ltr'>Ar-</span> 
     </span>
     <span class='ocr_line' id='line_1_42' title="bbox 144 2801 966 2855; baseline 0.004 -15"><span class='ocrx_word' id='word_1_297' title='bbox 144 2801 237 2841; x_wconf 91' lang='lat' dir='ltr'>chia</span> <span class='ocrx_word' id='word_1_298' title='bbox 260 2803 281 2850; x_wconf 64' lang='lat' dir='ltr'>g</span> <span class='ocrx_word' id='word_1_299' title='bbox 305 2813 367 2850; x_wconf 88' lang='lat'>21,</span> <span class='ocrx_word' id='word_1_300' title='bbox 398 2802 451 2841; x_wconf 91' lang='lat' dir='ltr'>de</span> <span class='ocrx_word' id='word_1_301' title='bbox 482 2801 569 2855; x_wconf 89' lang='lat' dir='ltr'>imp</span> <span class='ocrx_word' id='word_1_302' title='bbox 595 2802 660 2842; x_wconf 92' lang='lat' dir='ltr'>Cn</span> <span class='ocrx_word' id='word_1_303' title='bbox 689 2803 822 2855; x_wconf 89' lang='lat' dir='ltr'>Pomp</span> <span class='ocrx_word' id='word_1_304' title='bbox 845 2804 891 2852; x_wconf 60' lang='grc' dir='ltr'>ἐξ</span> <span class='ocrx_word' id='word_1_305' title='bbox 915 2815 966 2843; x_wconf 82' lang='lat'>20</span> 
     </span>
     <span class='ocr_line' id='line_1_43' title="bbox 143 2866 246 2894; baseline 0 0"><span class='ocrx_word' id='word_1_306' title='bbox 143 2866 246 2894; x_wconf 86' lang='lat'>—21</span> 
     </span>
    </p>

    <p class='ocr_par' dir='ltr' id='par_1_9' title="bbox 196 2906 966 2961">
     <span class='ocr_line' id='line_1_44' title="bbox 196 2906 966 2961; baseline 0.004 -15"><span class='ocrx_word' id='word_1_307' title='bbox 196 2906 434 2958; x_wconf 84' lang='lat' dir='ltr'>obsessionis]</span> <span class='ocrx_word' id='word_1_308' title='bbox 483 2908 689 2959; x_wconf 78' lang='lat' dir='ltr'>generally</span> <span class='ocrx_word' id='word_1_309' title='bbox 710 2926 747 2943; x_wconf 93' lang='lat'>=</span> <span class='ocrx_word' id='word_1_310' title='bbox 771 2909 966 2961; x_wconf 88' lang='lat' dir='ltr'>‘occupa-</span> 
     </span>
    </p>
   </div>
   <div class='ocr_carea' id='block_1_8' title="bbox 1045 1950 1874 2960">
    <p class='ocr_par' dir='ltr' id='par_1_10' title="bbox 1051 1950 1308 1990">
     <span class='ocr_line' id='line_1_45' title="bbox 1051 1950 1308 1990; baseline -0.008 0"><span class='ocrx_word' id='word_1_311' title='bbox 1051 1964 1146 1990; x_wconf 86' lang='lat' dir='ltr'>rum</span> <span class='ocrx_word' id='word_1_312' title='bbox 1165 1950 1308 1989; x_wconf 87' lang='lat' dir='ltr'>omisit.</span> 
     </span>
    </p>

    <p class='ocr_par' dir='ltr' id='par_1_11' title="bbox 1050 2001 1874 2109">
     <span class='ocr_line' id='line_1_46' title="bbox 1103 2001 1874 2054; baseline 0.003 -12"><span class='ocrx_word' id='word_1_313' title='bbox 1103 2001 1327 2054; x_wconf 82' lang='lat' dir='ltr'>acerrimis]</span> <span class='ocrx_word' id='word_1_314' title='bbox 1342 2010 1430 2043; x_wconf 88' lang='lat' dir='ltr'>sent</span> <span class='ocrx_word' id='word_1_315' title='bbox 1437 2004 1493 2054; x_wconf 91' lang='lat' dir='ltr'>by</span> <span class='ocrx_word' id='word_1_316' title='bbox 1507 2003 1718 2044; x_wconf 90' lang='lat' dir='ltr'>Sertorius.</span> <span class='ocrx_word' id='word_1_317' title='bbox 1751 2004 1874 2044; x_wconf 88' lang='lat' dir='ltr'>Com-</span> 
     </span>
     <span class='ocr_line' id='line_1_47' title="bbox 1050 2057 1684 2109; baseline 0.002 -14"><span class='ocrx_word' id='word_1_318' title='bbox 1050 2070 1148 2109; x_wconf 88' lang='lat' dir='ltr'>pare</span> <span class='ocrx_word' id='word_1_319' title='bbox 1167 2057 1219 2096; x_wconf 92' lang='lat' dir='ltr'>de</span> <span class='ocrx_word' id='word_1_320' title='bbox 1237 2057 1324 2109; x_wconf 90' lang='lat' dir='ltr'>imp</span> <span class='ocrx_word' id='word_1_321' title='bbox 1345 2058 1410 2096; x_wconf 92' lang='lat' dir='ltr'>Cn</span> <span class='ocrx_word' id='word_1_322' title='bbox 1430 2057 1563 2109; x_wconf 76' lang='lat' dir='ltr'>Pomp</span> <span class='ocrx_word' id='word_1_323' title='bbox 1581 2059 1603 2105; x_wconf 65' lang='grc' dir='ltr'><strong>ἕ</strong></span> <span class='ocrx_word' id='word_1_324' title='bbox 1619 2069 1684 2096; x_wconf 87' lang='lat'>21.</span> 
     </span>
    </p>

    <p class='ocr_par' dir='ltr' id='par_1_12' title="bbox 1049 2110 1874 2268">
     <span class='ocr_line' id='line_1_48' title="bbox 1103 2110 1867 2159; baseline 0.003 -11"><span class='ocrx_word' id='word_1_325' title='bbox 1103 2111 1292 2158; x_wconf 86' lang='lat' dir='ltr'>Italiam]</span> <span class='ocrx_word' id='word_1_326' title='bbox 1325 2116 1368 2149; x_wconf 88' lang='lat' dir='ltr'>to</span> <span class='ocrx_word' id='word_1_327' title='bbox 1400 2123 1536 2150; x_wconf 90' lang='lat' dir='ltr'>renew</span> <span class='ocrx_word' id='word_1_328' title='bbox 1558 2111 1627 2150; x_wconf 90' lang='lat' dir='ltr'>the</span> <span class='ocrx_word' id='word_1_329' title='bbox 1652 2110 1748 2150; x_wconf 90' lang='lat' dir='ltr'>civil</span> <span class='ocrx_word' id='word_1_330' title='bbox 1772 2124 1867 2159; x_wconf 90' lang='lat' dir='ltr'>war,</span> 
     </span>
     <span class='ocr_line' id='line_1_49' title="bbox 1049 2164 1874 2216; baseline 0.004 -14"><span class='ocrx_word' id='word_1_331' title='bbox 1049 2164 1080 2202; x_wconf 90' lang='lat' dir='ltr'>it</span> <span class='ocrx_word' id='word_1_332' title='bbox 1093 2177 1176 2203; x_wconf 89' lang='lat' dir='ltr'>was</span> <span class='ocrx_word' id='word_1_333' title='bbox 1191 2164 1374 2215; x_wconf 89' lang='lat' dir='ltr'>thought.</span> <span class='ocrx_word' id='word_1_334' title='bbox 1412 2164 1629 2216; x_wconf 88' lang='lat' dir='ltr'>Spartacus</span> <span class='ocrx_word' id='word_1_335' title='bbox 1642 2177 1727 2203; x_wconf 88' lang='lat' dir='ltr'>was</span> <span class='ocrx_word' id='word_1_336' title='bbox 1739 2171 1780 2203; x_wconf 91' lang='lat' dir='ltr'>at</span> <span class='ocrx_word' id='word_1_337' title='bbox 1794 2165 1874 2205; x_wconf 87' lang='lat' dir='ltr'>this</span> 
     </span>
     <span class='ocr_line' id='line_1_50' title="bbox 1050 2217 1845 2268; baseline 0.003 -13"><span class='ocrx_word' id='word_1_338' title='bbox 1050 2217 1149 2256; x_wconf 88' lang='lat' dir='ltr'>time</span> <span class='ocrx_word' id='word_1_339' title='bbox 1163 2218 1307 2268; x_wconf 91' lang='lat' dir='ltr'>roving</span> <span class='ocrx_word' id='word_1_340' title='bbox 1325 2217 1450 2256; x_wconf 90' lang='lat' dir='ltr'>about</span> <span class='ocrx_word' id='word_1_341' title='bbox 1470 2217 1578 2268; x_wconf 89' lang='lat' dir='ltr'>Italy</span> <span class='ocrx_word' id='word_1_342' title='bbox 1595 2218 1845 2258; x_wconf 87' lang='lat' dir='ltr'>unchecked.</span> 
     </span>
    </p>

    <p class='ocr_par' dir='ltr' id='par_1_13' title="bbox 1048 2270 1871 2363">
     <span class='ocr_line' id='line_1_51' title="bbox 1103 2270 1871 2322; baseline 0.001 -13"><span class='ocrx_word' id='word_1_343' title='bbox 1103 2284 1188 2322; x_wconf 73' lang='lat' dir='ltr'>rege</span> <span class='ocrx_word' id='word_1_344' title='bbox 1222 2272 1260 2309; x_wconf 89' lang='lat' dir='ltr'><em>A</em></span> <span class='ocrx_word' id='word_1_345' title='bbox 1266 2270 1348 2320; x_wconf 84' lang='lat' dir='ltr'>rm]</span> <span class='ocrx_word' id='word_1_346' title='bbox 1386 2271 1596 2322; x_wconf 82' lang='lat' dir='ltr'>Tigranes,</span> <span class='ocrx_word' id='word_1_347' title='bbox 1628 2271 1692 2310; x_wconf 89' lang='lat' dir='ltr'>his</span> <span class='ocrx_word' id='word_1_348' title='bbox 1718 2271 1871 2310; x_wconf 90' lang='lat' dir='ltr'>son-in-</span> 
     </span>
     <span class='ocr_line' id='line_1_52' title="bbox 1048 2324 1139 2363; baseline 0.011 -1"><span class='ocrx_word' id='word_1_349' title='bbox 1048 2324 1139 2363; x_wconf 83' lang='lat' dir='ltr'>laW.</span> 
     </span>
    </p>

    <p class='ocr_par' dir='ltr' id='par_1_14' title="bbox 1101 2375 1870 2429">
     <span class='ocr_line' id='line_1_53' title="bbox 1101 2375 1870 2429; baseline -0.001 -13"><span class='ocrx_word' id='word_1_350' title='bbox 1101 2377 1169 2416; x_wconf 86' lang='lat' dir='ltr'>xvi</span> <span class='ocrx_word' id='word_1_351' title='bbox 1173 2375 1402 2429; x_wconf 67' lang='lat' dir='ltr'>proelialas</span> <span class='ocrx_word' id='word_1_352' title='bbox 1417 2377 1719 2428; x_wconf 84' lang='lat' dir='ltr'>Tigranocerta,</span> <span class='ocrx_word' id='word_1_353' title='bbox 1731 2386 1757 2415; x_wconf 90' lang='grc' dir='ltr'>Β</span> <span class='ocrx_word' id='word_1_354' title='bbox 1765 2386 1791 2416; x_wconf 93' lang='lat' dir='ltr'>c</span> <span class='ocrx_word' id='word_1_355' title='bbox 1803 2375 1870 2428; x_wconf 91' lang='lat'>69.</span> 
     </span>
    </p>

    <p class='ocr_par' dir='ltr' id='par_1_15' title="bbox 1048 2430 1871 2590">
     <span class='ocr_line' id='line_1_54' title="bbox 1104 2430 1871 2482; baseline 0.001 -13"><span class='ocrx_word' id='word_1_356' title='bbox 1104 2443 1154 2480; x_wconf 79' lang='lat'>34</span> <span class='ocrx_word' id='word_1_357' title='bbox 1208 2430 1410 2479; x_wconf 78' lang='lat' dir='ltr'>hoc...lzic]</span> <span class='ocrx_word' id='word_1_358' title='bbox 1441 2430 1659 2482; x_wconf 88' lang='lat' dir='ltr'>Pompeius</span> <span class='ocrx_word' id='word_1_359' title='bbox 1684 2443 1768 2470; x_wconf 89' lang='lat' dir='ltr'>was</span> <span class='ocrx_word' id='word_1_360' title='bbox 1787 2430 1871 2470; x_wconf 88' lang='lat' dir='ltr'>still</span> 
     </span>
     <span class='ocr_line' id='line_1_55' title="bbox 1050 2483 1870 2535; baseline 0.002 -14"><span class='ocrx_word' id='word_1_361' title='bbox 1050 2483 1223 2535; x_wconf 88' lang='lat' dir='ltr'>fighting</span> <span class='ocrx_word' id='word_1_362' title='bbox 1259 2484 1302 2522; x_wconf 92' lang='lat' dir='ltr'>in</span> <span class='ocrx_word' id='word_1_363' title='bbox 1330 2484 1443 2523; x_wconf 83' lang='lat' dir='ltr'>Asia.</span> <span class='ocrx_word' id='word_1_364' title='bbox 1501 2484 1579 2530; x_wconf 84' lang='lat' dir='ltr'>ille,</span> <span class='ocrx_word' id='word_1_365' title='bbox 1609 2483 1870 2523; x_wconf 88' lang='lat' dir='ltr'>Mithridates</span> 
     </span>
     <span class='ocr_line' id='line_1_56' title="bbox 1048 2537 1578 2590; baseline 0 -15"><span class='ocrx_word' id='word_1_366' title='bbox 1048 2537 1131 2576; x_wconf 88' lang='lat' dir='ltr'>had</span> <span class='ocrx_word' id='word_1_367' title='bbox 1150 2537 1246 2576; x_wconf 88' lang='lat' dir='ltr'>died</span> <span class='ocrx_word' id='word_1_368' title='bbox 1264 2537 1344 2575; x_wconf 86' lang='lat' dir='ltr'>this</span> <span class='ocrx_word' id='word_1_369' title='bbox 1359 2550 1456 2588; x_wconf 88' lang='lat' dir='ltr'>very</span> <span class='ocrx_word' id='word_1_370' title='bbox 1473 2549 1578 2590; x_wconf 85' lang='lat' dir='ltr'>year.</span> 
     </span>
    </p>

    <p class='ocr_par' dir='ltr' id='par_1_16' title="bbox 1045 2590 1872 2960">
     <span class='ocr_line' id='line_1_57' title="bbox 1101 2590 1871 2642; baseline 0 -13"><span class='ocrx_word' id='word_1_371' title='bbox 1101 2591 1139 2629; x_wconf 88' lang='lat' dir='ltr'><em>L</em></span> <span class='ocrx_word' id='word_1_372' title='bbox 1164 2590 1376 2638; x_wconf 87' lang='lat' dir='ltr'><em>Lucullus]</em></span> <span class='ocrx_word' id='word_1_373' title='bbox 1433 2590 1455 2628; x_wconf 92' lang='grc' dir='ltr'>Ι</span> <span class='ocrx_word' id='word_1_374' title='bbox 1480 2590 1576 2629; x_wconf 88' lang='lat' dir='ltr'>here</span> <span class='ocrx_word' id='word_1_375' title='bbox 1602 2596 1743 2642; x_wconf 88' lang='lat' dir='ltr'>accept</span> <span class='ocrx_word' id='word_1_376' title='bbox 1769 2590 1871 2629; x_wconf 89' lang='lat' dir='ltr'>with</span> 
     </span>
     <span class='ocr_line' id='line_1_58' title="bbox 1048 2641 1871 2694; baseline 0.001 -13"><span class='ocrx_word' id='word_1_377' title='bbox 1048 2649 1156 2682; x_wconf 90' lang='lat' dir='ltr'>most</span> <span class='ocrx_word' id='word_1_378' title='bbox 1190 2644 1342 2683; x_wconf 90' lang='lat' dir='ltr'>editors</span> <span class='ocrx_word' id='word_1_379' title='bbox 1378 2641 1568 2694; x_wconf 83' lang='lat' dir='ltr'>Kayser’s</span> <span class='ocrx_word' id='word_1_380' title='bbox 1610 2643 1871 2683; x_wconf 89' lang='lat' dir='ltr'>emendation</span> 
     </span>
     <span class='ocr_line' id='line_1_59' title="bbox 1049 2695 1870 2736; baseline 0 -1"><span class='ocrx_word' id='word_1_381' title='bbox 1049 2696 1095 2736; x_wconf 93' lang='lat' dir='ltr'>of</span> <span class='ocrx_word' id='word_1_382' title='bbox 1126 2697 1196 2736; x_wconf 89' lang='lat' dir='ltr'>the</span> <span class='ocrx_word' id='word_1_383' title='bbox 1241 2706 1322 2735; x_wconf 89' lang='lat' dir='ltr'>MSS</span> <span class='ocrx_word' id='word_1_384' title='bbox 1361 2695 1538 2735; x_wconf 86' lang='lat' dir='ltr'>Luculli.</span> <span class='ocrx_word' id='word_1_385' title='bbox 1614 2696 1741 2736; x_wconf 90' lang='lat' dir='ltr'>Sorof</span> <span class='ocrx_word' id='word_1_386' title='bbox 1774 2696 1870 2735; x_wconf 89' lang='lat' dir='ltr'>well</span> 
     </span>
     <span class='ocr_line' id='line_1_60' title="bbox 1047 2749 1870 2801; baseline -0.001 -12"><span class='ocrx_word' id='word_1_387' title='bbox 1047 2762 1191 2801; x_wconf 87' lang='lat' dir='ltr'>argues</span> <span class='ocrx_word' id='word_1_388' title='bbox 1217 2750 1305 2788; x_wconf 86' lang='lat' dir='ltr'>that</span> <span class='ocrx_word' id='word_1_389' title='bbox 1340 2749 1423 2788; x_wconf 90' lang='lat' dir='ltr'>had</span> <span class='ocrx_word' id='word_1_390' title='bbox 1449 2755 1609 2788; x_wconf 85' lang='lat' dir='ltr'>senatus</span> <span class='ocrx_word' id='word_1_391' title='bbox 1633 2755 1670 2788; x_wconf 85' lang='lat' dir='ltr'>et</span> <span class='ocrx_word' id='word_1_392' title='bbox 1694 2751 1870 2801; x_wconf 80' lang='lat' dir='ltr'>populus</span> 
     </span>
     <span class='ocr_line' id='line_1_61' title="bbox 1048 2802 1868 2854; baseline 0.001 -13"><span class='ocrx_word' id='word_1_393' title='bbox 1048 2804 1260 2842; x_wconf 82' lang='lat' dir='ltr'>Romanus</span> <span class='ocrx_word' id='word_1_394' title='bbox 1286 2803 1390 2842; x_wconf 90' lang='lat' dir='ltr'>been</span> <span class='ocrx_word' id='word_1_395' title='bbox 1417 2803 1487 2842; x_wconf 89' lang='lat' dir='ltr'>the</span> <span class='ocrx_word' id='word_1_396' title='bbox 1528 2802 1683 2854; x_wconf 85' lang='lat' dir='ltr'>subject</span> <span class='ocrx_word' id='word_1_397' title='bbox 1715 2803 1762 2842; x_wconf 91' lang='lat' dir='ltr'>of</span> <span class='ocrx_word' id='word_1_398' title='bbox 1787 2815 1868 2854; x_wconf 74' lang='lat' dir='ltr'>ges-</span> 
     </span>
     <span class='ocr_line' id='line_1_62' title="bbox 1045 2856 1872 2908; baseline -0.001 -12"><span class='ocrx_word' id='word_1_399' title='bbox 1045 2856 1163 2902; x_wconf 87' lang='lat' dir='ltr'>sisset,</span> <span class='ocrx_word' id='word_1_400' title='bbox 1191 2856 1335 2896; x_wconf 86' lang='lat' dir='ltr'>Cicero</span> <span class='ocrx_word' id='word_1_401' title='bbox 1358 2856 1495 2895; x_wconf 90' lang='lat' dir='ltr'>would</span> <span class='ocrx_word' id='word_1_402' title='bbox 1521 2857 1626 2895; x_wconf 90' lang='lat' dir='ltr'>have</span> <span class='ocrx_word' id='word_1_403' title='bbox 1655 2862 1728 2908; x_wconf 90' lang='lat' dir='ltr'>put</span> <span class='ocrx_word' id='word_1_404' title='bbox 1751 2869 1872 2908; x_wconf 85' lang='lat' dir='ltr'>neque</span> 
     </span>
     <span class='ocr_line' id='line_1_63' title="bbox 1045 2908 1756 2960; baseline -0.001 -12"><span class='ocrx_word' id='word_1_405' title='bbox 1045 2915 1163 2949; x_wconf 85' lang='lat' dir='ltr'>tanta</span> <span class='ocrx_word' id='word_1_406' title='bbox 1180 2922 1279 2949; x_wconf 86' lang='lat' dir='ltr'>cura</span> <span class='ocrx_word' id='word_1_407' title='bbox 1297 2908 1436 2949; x_wconf 90' lang='lat' dir='ltr'>before</span> <span class='ocrx_word' id='word_1_408' title='bbox 1453 2909 1756 2960; x_wconf 79' lang='lat' dir='ltr'>suscipimdum.</span> 
     </span>
    </p>
   </div>
   <div class='ocr_carea' id='block_1_9' title="bbox 1990 334 2054 3120">
    <p class='ocr_par' dir='ltr' id='par_1_17' title="bbox 1990 334 2054 3120">
     <span class='ocr_line' id='line_1_64' title="bbox 1990 334 2054 3120; baseline 0 0"><span class='ocrx_word' id='word_1_409' title='bbox 1990 334 2054 3120; x_wconf 95' lang='lat' dir='ltr'> </span> 
     </span>
    </p>
   </div>
  </div>
 </body>
</html>
