2054 3120
799 78 847 127 A
853 77 1199 126 PPENDIX
1779 91 1798 122 1
1811 90 1834 121 2
1846 90 1866 122 1

565 266 620 309 E.
684 264 912 308 GELLms
944 272 1031 306 xx.
1071 274 1123 305 10
1154 259 1230 317 (ed
1263 258 1433 314 Hertz).

224 386 303 428 Ex
332 384 447 428 iure
477 397 691 427 manum
722 389 1025 426 consertum
1058 381 1202 424 uerba
1232 386 1339 423 sunt
1371 393 1431 422 ex
1462 376 1698 434 antiquis
1740 376 1868 420 acti-

135 456 344 508 onibus
369 469 499 512 quae,
518 469 623 498 curn
643 455 745 510 lege
767 454 916 509 agitur
936 461 980 497 et
1002 452 1232 496 uindiciae
1253 450 1606 503 contenduntur,
1632 450 1722 494 dici
1744 465 1867 494 nunc

134 542 318 585 quoque
349 527 474 583 apud
503 534 763 583 praetorem
791 526 951 569 solent.
1010 524 1169 580 rogaui
1191 538 1277 580 ego
1300 526 1478 567 Romae
1499 523 1867 579 grammaticum,

135 599 303 643 celebri
333 599 570 642 hominem
600 598 725 640 fama
755 605 800 640 et
830 598 975 641 multo
1006 597 1207 650 nornine,
1240 595 1352 653 quid
1382 596 1498 638 haec
1520 596 1662 638 uerba
1682 595 1866 639 essent?

133 679 234 715 tum
255 672 329 714 ille
350 685 424 714 me
446 670 704 727 despiciens
725 685 733 714 :
768 670 779 692 ‘
796 677 874 713 aut
896 670 1045 725 erras,’
1076 669 1235 726 inquit,
1269 669 1282 692 ‘
1295 669 1577 724 adulescens,
1611 676 1688 712 aut
1719 668 1867 721 ludis;

134 757 231 786 rem
263 743 387 785 enim
418 742 563 785 doceo
593 741 959 797 grammaticam,
991 755 1084 784 non
1106 741 1176 784 ius
1197 741 1486 797 respondeo:
1518 741 1555 784 si
1587 740 1699 797 quid
1730 740 1868 796 igitur

135 828 190 857 ex
210 814 467 870 Vergilio,
493 814 701 866 Plauto,
726 812 903 856 Ennio
926 826 1143 869 quaerere
1164 813 1322 867 habes,
1345 826 1539 869 quaeras
1560 812 1694 855 licet!

225 886 307 930 ‘ex
340 886 522 929 Ennio
554 886 689 941 ergo,'
721 885 923 942 inquam,
955 886 966 907 ‘
985 893 1067 939 est,
1100 885 1332 940 magister,
1362 885 1487 942 quod
1517 899 1701 941 quaero.
1763 885 1865 927 En-

134 959 254 1003 nius
285 959 408 1002 enim
438 958 591 1001 uerbis
622 958 750 1001 hisce
780 972 889 1000 usus
921 957 1017 1001 est.’
1078 972 1274 1015 cumque
1314 959 1389 1001 ille
1430 958 1679 1001 demiratus
1713 956 1866 1000 aliena

133 1032 247 1076 haec
280 1046 380 1075 esse
411 1046 439 1074 a
468 1030 616 1087 poetis
649 1038 693 1074 et
722 1030 849 1073 haud
879 1044 1075 1086 usquam
1106 1029 1300 1073 inueniri
1323 1030 1370 1073 in
1392 1029 1672 1073 carminibus
1699 1027 1864 1072 Ennii

133 1104 316 1158 diceret,
339 1112 438 1147 turn
459 1118 544 1159 ego
565 1103 651 1145 hos
674 1116 832 1145 uersus
855 1116 909 1145 ex
931 1110 1124 1145 octauo
1146 1102 1331 1145 annali
1353 1101 1730 1156 absentesrdixt
1752 1113 1864 1144 nam

132 1177 247 1220 sorte
269 1190 348 1219 eos
370 1184 609 1233 tamquam
631 1174 871 1230 insigniter
890 1182 1071 1231 praeter
1092 1174 1205 1217 alios
1226 1174 1372 1217 factos
1394 1173 1696 1217 memineram
1714 1188 1724 1217 ι

218 1250 442 1308 pellitur
472 1264 496 1293 e
526 1249 703 1292 medio
736 1247 1024 1303 sapientia,
1055 1247 1102 1289 ui
1133 1246 1340 1302 geritur
1369 1260 1484 1298 res;

218 1323 497 1381 spernitur
527 1330 711 1366 orator
740 1321 928 1375 bonus,
959 1319 1215 1362 horridus
1246 1318 1401 1362 miles
1434 1324 1654 1360 amatur.

215 1395 346 1438 haut
377 1394 556 1438 doctis
589 1392 752 1436 dictis
783 1398 1058 1434 certantes
1089 1403 1186 1433 nec
1217 1388 1540 1444 maledictis,

216 1467 447 1512 miscent
479 1466 620 1509 inter
651 1478 770 1507 sese
800 1463 1124 1507 inimicitias
1157 1462 1445 1517 agitantes,

217 1554 322 1582 non
354 1553 413 1582 ex
445 1538 558 1582 iure
590 1534 846 1593 manu[m]
876 1543 1202 1589 consertum,
1235 1534 1330 1578 sed
1361 1534 1540 1590 magis
1572 1533 1715 1578 ferro

216 1622 326 1651 rem
356 1616 609 1664 repetunt
639 1621 971 1664 regnumque
1001 1614 1205 1664 petunt,
1239 1606 1446 1650 uadunt
1478 1607 1655 1650 solida
1685 1606 1752 1649 ui.

129 1693 235 1722 cum
265 1680 351 1722 hos
382 1693 468 1734 ego
499 1694 657 1723 uersus
689 1679 971 1723 Ennianos
1004 1679 1253 1722 dixissem:
1297 1678 1486 1733 ‘credo,'
1521 1678 1670 1734 inquit
1711 1691 1860 1733 gram-

127 1751 337 1805 maticus,
368 1750 492 1794 ‘iarn
521 1752 632 1795 tibi)
692 1751 775 1794 sed
815 1759 866 1794 tu
906 1751 1047 1794 uelim
1087 1751 1249 1794 credas
1283 1750 1412 1805 mihi,
1456 1750 1715 1806 Quintum
1757 1752 1859 1793 En-

127 1824 275 1867 nium
308 1823 523 1867 didicisse
553 1824 642 1867 hoc
673 1838 767 1867 non
808 1838 863 1867 ex
902 1823 1110 1880 poeticae
1149 1823 1308 1878 literis,
1348 1830 1418 1867 set
1459 1838 1514 1867 ex
1553 1823 1664 1866 iuris
1704 1823 1858 1879 aliquo

124 1897 284 1952 perito.
346 1910 425 1940 eas
464 1896 603 1953 igitur
642 1903 694 1940 tu
734 1895 944 1953 quoque,’
985 1896 1147 1953 inquit,
1189 1895 1265 1939 ‘et
1296 1895 1464 1950 discas,
1494 1895 1619 1939 unde
1650 1896 1858 1939 Ennius

125 1969 311 2013 didicit!

207 2055 317 2084 usus
349 2041 541 2085 consilio
573 2055 676 2084 sum
705 2040 928 2096 magistri,
959 2040 1084 2097 quod
1115 2041 1279 2084 docere
1309 2039 1408 2096 ipse
1439 2040 1674 2094 debuerat,
1707 2053 1736 2082 a
1766 2053 1857 2096 quo

125 2111 362 2167 discerem,
412 2113 905 2170 praetermonstrantis.
980 2113 1139 2168 itaque
1178 2112 1239 2167 id,
1282 2112 1407 2169 quod
1447 2127 1502 2156 ex
1536 2113 1860 2156 iureconsultis

123 2183 340 2240 quodque
361 2197 416 2227 ex
436 2184 565 2228 libris
587 2199 746 2228 eorum
769 2184 926 2240 didici,
956 2183 1244 2227 inferendum
1274 2184 1346 2227 his
1379 2185 1720 2229 commentariis
1741 2185 1857 2229 exis-

123 2253 298 2310 timaui,
329 2255 551 2311 quoniam
588 2255 637 2298 in
668 2255 824 2299 medio
865 2269 1017 2298 rerum
1051 2263 1095 2299 et
1127 2256 1368 2300 hominum
1399 2257 1544 2300 uitam
1575 2257 1654 2314 qui
1684 2258 1854 2312 colunt,

122 2323 333 2379 ignorare
363 2339 458 2369 non
489 2334 668 2383 oportet
698 2327 842 2370 uerba
871 2326 1107 2370 actionum
1139 2327 1344 2372 ciuilium
1385 2328 1646 2373 celebriora.
1711 2329 1742 2386 (‘
1757 2343 1854 2372 ma-

123 2408 235 2438 num
264 2396 547 2454 conserere.')
607 2412 719 2440 nam
749 2398 808 2441 de
838 2412 931 2455 qua
960 2412 1008 2441 re
1039 2398 1323 2455 disceptatur
1343 2399 1391 2442 in
1413 2399 1509 2443 iure
1538 2398 1606 2456 [in
1626 2399 1694 2457 re]
1723 2414 1853 2457 prae-

122 2466 255 2521 senti,
295 2467 392 2512 siue
423 2484 533 2525 ager
563 2469 661 2513 siue
692 2469 804 2526 quid
835 2470 961 2513 aliud
993 2477 1076 2524 est,
1109 2484 1215 2513 cum
1245 2470 1512 2515 aduersario
1545 2471 1682 2516 simul
1711 2486 1854 2516 manu

100 2539 342 2598 'prendere
363 2552 408 2584 et
439 2541 486 2584 in
517 2555 572 2585 ea
602 2556 649 2585 re
680 2539 1017 2599 [soll]emnibus
1040 2542 1193 2586 uerbis
1215 2542 1464 2598 uindicare,
1498 2543 1546 2587 id
1576 2551 1646 2591 est
1678 2544 1852 2587 ‘uindi-

122 2607 226 2652 cia.’
284 2613 507 2669 correptio
538 2627 704 2656 manus
735 2613 783 2656 in
813 2627 862 2656 re
893 2621 1033 2670 atque
1064 2613 1112 2656 in
1142 2614 1245 2658 loco
1275 2615 1507 2670 praesenti
1529 2615 1652 2672 apud
1672 2624 1851 2673 praeto-

121 2693 220 2724 rem
240 2694 294 2724 ex
315 2682 560 2727 duodecim
590 2685 761 2730 tabulis
792 2684 946 2741 fiebat,
969 2685 1016 2727 in
1038 2685 1203 2742 quibus
1225 2687 1290 2730 ita
1310 2687 1532 2744 scriptum
1554 2695 1622 2731 est
1643 2703 1653 2733 ε
1685 2688 1729 2731 si
1761 2687 1851 2746 qui

122 2752 178 2796 in
208 2753 322 2798 iure
351 2769 565 2800 manum
596 2764 898 2801 conserunt.
963 2757 1046 2800 sed
1077 2765 1327 2815 postquam
1359 2767 1592 2814 praetores
1623 2773 1850 2817 propaga-

121 2825 180 2868 tis
203 2825 364 2870 Italiae
384 2827 567 2882 finibuS‚
591 2829 711 2873 datis
734 2829 1162 2887 iurisdictioni(bu)s
1184 2831 1382 2886 negotiis
1404 2831 1629 2888 occupati,
1661 2830 1848 2890 p[rof]i-

345 2916 368 2938 *
398 2918 449 2958 In
467 2919 549 2961 line
565 2923 616 2961 ‘11
638 2920 851 2962 absentes=
867 2920 992 2961 ‘from
1011 2921 1224 2975 memory,'
1246 2925 1255 2944 ‘
1274 2922 1444 2964 without
1461 2922 1604 2964 book.'
