2054 3120
66 435 129 482 48

64 1408 126 1455 49
154 1399 429 1461 petitione?
498 1398 681 1448 etenim
739 1407 788 1447 te
846 1398 1087 1461 inquirere
1144 1399 1392 1457 videbant,

155 85 217 144 76
715 85 867 134 PRO
911 85 957 133 L
1002 85 1330 134 MURENA

151 191 267 240 odia
294 193 488 241 occulta
518 191 709 251 civium,
745 209 870 255 quae
899 191 1059 242 tacitis
1090 208 1224 240 nunc
1255 190 1511 242 discordiis
1553 192 1878 251 continentur,

149 270 201 318 in
224 273 440 320 fortunas
468 272 642 335 optimi
674 273 908 335 cuiusque
933 282 1251 336 erumperent.
1325 274 1449 321 haec
1482 272 1649 321 omnia
1682 272 1770 321 tibi
1805 289 1882 320 ac-

150 352 354 400 cusandi
377 352 505 401 viam
529 353 827 410 muniebant,
853 343 1156 415 adipiscendi
1181 353 1545 415 obsaepiebant.

251 443 398 496 atque
427 451 488 482 ex
518 434 745 483 omnibus
778 434 860 481 illa
890 435 1036 497 plaga
1068 443 1141 482 est
1164 433 1344 482 iniecta
1372 433 1597 496 petitioni
1625 443 1750 494 tuae,
1779 451 1878 483 non

154 522 347 563 tacente
389 530 484 574 me,
535 514 756 572 maxima,
778 513 867 585 (de
912 530 1008 576 qua
1056 516 1119 562 ab
1164 512 1365 562 homine
1400 512 1792 582 ingeniosissimo
1834 525 1882 563 et

151 596 505 658 copiosissimo,
535 598 584 656 Q
609 595 895 653 Hortensio,
922 596 1076 652 multa
1103 594 1386 656 gravissime
1420 594 1551 644 dicta
1579 606 1705 645 sunt.

1783 615 1882 661 quo

150 676 298 724 etiam
330 675 448 723 mihi
480 675 645 724 durior
675 676 812 724 locus
841 684 916 723 est
948 675 1146 723 dicendi
1181 676 1338 734 datus,
1364 684 1431 734 ut,
1458 692 1570 724 curn
1594 686 1709 725 ante
1732 694 1810 726 me
1836 689 1884 726 et

149 757 231 805 ille
278 756 477 805 dixisset
509 766 558 805 et
594 756 666 816 vir
702 773 892 804 summa
925 755 1160 819 dignitate
1199 765 1247 804 et
1285 755 1535 818 diligentia
1570 765 1619 804 et
1653 758 1884 806 facultate

152 838 364 896 dicendi,
417 840 472 885 M
522 839 738 896 Crassus,
789 853 880 899 ego
927 837 978 885 in
1024 846 1243 886 extremo
1289 854 1392 886 non
1437 847 1626 900 partem
1673 838 1882 900 aliquam

153 934 347 980 agerem
384 934 573 971 causae,
610 918 698 965 sed
733 918 796 965 de
831 914 941 966 tota
968 934 1020 966 re
1055 918 1281 977 dicerem,
1317 917 1454 980 quod
1484 917 1604 965 mihi
1626 917 1881 967 videretur.

153 999 318 1061 itaque
354 999 404 1046 in
438 998 595 1047 isdem
629 999 773 1046 rebus
808 999 906 1062 fere
930 1015 1107 1058 ver-sor,
1145 1007 1207 1057 et,
1247 999 1410 1060 quoad
1443 1014 1656 1060 possum,
1683 997 1885 1056 iudices,

157 1095 359 1126 occurro
393 1087 583 1126 vestrae
618 1075 928 1150 sapientiae.)
971 1093 1111 1126 XXIV.
1153 1078 1240 1125 sed
1276 1087 1457 1135 tamen,
1480 1078 1628 1135 Servi,
1667 1094 1814 1141 quam
1838 1087 1886 1125 te

156 1157 362 1206 securim
387 1166 529 1220 putas
553 1156 776 1204 iniecisse
800 1156 1025 1219 petitioni
1049 1166 1175 1215 tuae,
1204 1173 1316 1204 curn
1339 1158 1577 1219 populum
1602 1158 1886 1204 Romanum

154 1237 205 1285 in
238 1254 350 1285 eum
382 1246 567 1285 metum
598 1236 858 1295 adduxisti,
896 1246 950 1285 ut
978 1237 1341 1299 pertimesceret
1372 1254 1435 1286 ne
1467 1238 1638 1286 consul
1678 1236 1890 1285 Catilina

153 1320 289 1367 fieret
323 1320 440 1367 dum
469 1328 520 1367 tu
549 1319 914 1367 accusationem
948 1303 1255 1381 comparares
1280 1320 1505 1382 deposita
1527 1328 1674 1381 atque
1699 1319 1890 1376 abiecta

1463 1399 1667 1468 tristem!
1711 1398 1886 1464 ipsum,

152 1488 365 1528 maestos
398 1479 612 1541 amicos;
649 1479 1033 1538 observationes,
1059 1479 1439 1538 testificat-iones,
1465 1479 1777 1531 seductiones
1800 1489 1892 1528 tes-

205 1621 313 1670 oa'ia]
353 1634 397 1660 as
435 1620 505 1660 the
533 1634 696 1660 accuser
723 1620 859 1659 would
887 1620 983 1659 take

154 1687 244 1713 care
265 1681 307 1713 to
326 1688 445 1714 name
465 1688 558 1713 men
579 1675 672 1713 who
691 1674 773 1712 had
786 1687 811 1713 a
828 1675 983 1725 grudge

152 1728 311 1778 against
330 1728 399 1767 the
417 1729 602 1775 accused,
617 1728 739 1767 while
756 1728 824 1767 the
843 1741 983 1780 power

151 1781 198 1820 of
212 1781 406 1832 rejection
423 1795 503 1820 was
523 1781 696 1820 limited.

204 1835 465 1886 adipiscendi]
484 1835 723 1886 absolutely,
748 1848 791 1873 as
810 1837 852 1873 in
871 1836 892 1882 ἓ
912 1849 935 1883 4
940 1847 975 1884 3.

205 1889 257 1938 48
311 1889 385 1927 illa
405 1889 547 1940 plaga]
575 1889 644 1927 the
674 1889 825 1927 ‘blow'
854 1888 888 1926 is
916 1902 982 1927 ex-

150 1941 316 1993 plained
335 1942 482 1985 below,
503 1955 594 1980 cum
605 1947 686 1993 pop
705 1943 807 1980 Rom
827 1942 872 1980 in
890 1955 980 1980 eum

151 2001 298 2034 metum
316 1995 532 2034 adduxisti.

206 2049 270 2096 ut]
294 2051 303 2068 ‘
319 2048 494 2099 namely,
515 2048 585 2087 the
603 2048 694 2087 task
714 2048 829 2087 of'...

203 2102 426 2152 diligentia]
446 2102 515 2140 the
532 2107 646 2152 great
665 2102 783 2140 merit
802 2101 848 2140 of
863 2101 980 2140 Cras-

150 2168 230 2203 sus,
255 2168 445 2206 compare
465 2156 612 2194 Brutus
634 2157 655 2202 ξ
679 2166 765 2205 233.

205 2209 381 2257 occurro]
418 2210 461 2246 in
488 2222 512 2246 a
545 2208 718 2259 friendly
754 2221 882 2256 sense,
933 2210 943 2228 ‘
958 2209 979 2247 I

151 2275 219 2300 am
246 2262 381 2313 trying
408 2268 451 2300 to
483 2262 580 2313 help
619 2275 699 2313 you
737 2268 780 2311 to
819 2275 844 2300 a
883 2263 980 2300 wise

139 2314 337 2363 ,verdict,’
359 2317 557 2366 ‘meeting
576 2328 676 2366 your
694 2315 866 2354 wisdom
878 2315 980 2353 half-

152 2367 269 2420 way‚'
313 2381 503 2420 compare
540 2381 616 2420 pro
658 2368 806 2407 Cluent
847 2370 868 2415 ξ
909 2367 974 2418 63,

150 2435 227 2473 pro
274 2422 399 2461 Deiot
442 2423 463 2469 ἕ
504 2435 557 2470 40
606 2422 876 2460 misericordia
921 2435 980 2460 oc-

123 2494 125 2496 *
150 2489 311 2514 currere
333 2476 428 2514 solet
451 2475 537 2526 ipsa
564 2475 807 2526 supplicibus
823 2480 859 2514 et
874 2475 980 2513 cala·

152 2529 312 2568 mitosis.

203 2581 432 2632 sapientiae]
478 2581 559 2620 this
599 2581 769 2632 reading
814 2581 889 2620 has
926 2581 981 2619 all

150 2634 221 2673 the
240 2634 391 2685 weight
416 2634 462 2672 of
489 2644 570 2673 MSS
597 2635 812 2685 authority.
889 2634 981 2673 One

151 2689 263 2738 gives
281 2687 466 2733 sacietati‚
497 2688 577 2726 and
597 2688 700 2726 from
720 2688 801 2726 this
820 2688 899 2725 and
920 2688 980 2726 in-

152 2741 352 2780 dications
383 2741 426 2779 in
458 2741 630 2779 another
670 2747 778 2779 most
815 2741 981 2779 Editors

152 2795 299 2833 emend
318 2794 404 2833 into
420 2794 600 2832 satietati.
671 2794 693 2832 Ι
721 2793 854 2845 prefer
880 2794 981 2832 with

152 2847 301 2898 Zumpt
321 2847 402 2885 and
421 2847 591 2886 Tischer
608 2846 678 2886 the
702 2847 814 2899 quite
833 2846 981 2886 intelli·

150 2900 260 2951 gible
279 2900 448 2952 reading
466 2900 513 2940 of
525 2900 594 2940 the
614 2909 708 2940 MSS.

1115 1620 1211 1659 xxiv
1263 1620 1334 1658 sed
1366 1620 1517 1669 tamen]
1562 1633 1741 1659 resumes
1785 1619 1892 1659 from

1063 1674 1138 1712 illa
1159 1674 1288 1725 plaga
1315 1680 1379 1713 etc
1407 1674 1549 1722 above,
1593 1674 1695 1712 after
1728 1673 1797 1712 the
1830 1687 1890 1712 re-

1063 1728 1201 1766 marks
1229 1729 1275 1765 de
1299 1741 1380 1778 qua
1387 1757 1482 1766 ......
1488 1727 1704 1777 sapientiae
1737 1733 1811 1777 put
1848 1727 1892 1766 in

1063 1781 1412 1832 parenthetically.
1453 1780 1658 1832 Compare
1671 1793 1746 1831 pro
1764 1780 1892 1820 Plane

1063 1836 1084 1882 ἓ
1110 1836 1188 1873 18.’

1105 1887 1248 1939 putas]
1268 1900 1334 1926 see
1354 1900 1408 1925 on
1427 1889 1446 1934 ἓ
1467 1888 1530 1937 38.

1114 1954 1206 1979 cum
1233 1941 1458 1990 addum‘stz']
1481 1942 1491 1959 ‘
1507 1945 1549 1979 at
1567 1940 1636 1979 the
1655 1940 1754 1979 time
1772 1941 1894 1979 when'

1057 2007 1139 2045 you
1159 1992 1357 2046 brought’
1363 2024 1459 2033 ......
1466 2006 1533 2032 see
1553 1994 1724 2044 Madvig
1742 1995 1762 2040 ἓ
1781 1996 1872 2044 358.

1115 2060 1166 2099 49
1219 2047 1436 2099 inquirere]
1456 2060 1647 2098 compare
1666 2049 1686 2095 ἓ
1709 2060 1771 2096 45.

1115 2101 1410 2149 observationes]
1430 2101 1443 2139 i
1463 2114 1486 2139 e
1505 2101 1551 2139 of
1565 2114 1666 2152 your
1684 2100 1817 2149 rivals‚
1837 2101 1893 2151 by

1062 2161 1204 2205 agents
1242 2154 1290 2192 of
1325 2167 1427 2205 your
1459 2157 1569 2201 own,
1614 2163 1657 2192 to
1697 2167 1765 2193 see
1804 2154 1892 2192 that

1061 2208 1235 2259 nothing
1261 2208 1294 2246 is
1322 2208 1430 2246 done
1457 2207 1499 2246 in
1526 2207 1721 2246 violation
1749 2207 1796 2245 of
1822 2207 1893 2246 the

1061 2261 1153 2309 law,
1187 2274 1377 2312 compare
1416 2274 1491 2312 pro
1523 2261 1633 2299 Rosc
1661 2261 1745 2298 Am
1773 2263 1794 2308 ξ
1824 2273 1886 2306 22,

1062 2322 1154 2353 auct
1182 2315 1284 2366 petit
1313 2327 1410 2353 cons
1438 2314 1458 2360 ἓ
1489 2324 1535 2363 55
1565 2314 1645 2364 fac
1670 2327 1708 2352 se
1743 2319 1791 2351 ut
1823 2314 1893 2353 abs

1062 2373 1097 2406 te
1130 2368 1321 2406 custodiri
1355 2373 1475 2418 atque
1507 2367 1710 2405 observari
1747 2367 1890 2405 sciant.

1061 2422 1163 2460 Zum
1196 2427 1223 2460 t.

1115 2435 1410 2526 tesiificatzbnes]
1441 2474 1509 2512 the
1533 2473 1691 2524 getting
1707 2473 1894 2524 together

1063 2527 1110 2566 of
1141 2527 1392 2579 depositions
1434 2527 1477 2565 in
1513 2526 1638 2577 proof
1669 2526 1716 2564 of
1756 2526 1893 2577 illegal

1062 2581 1272 2632 practices,
1305 2593 1495 2632 compare
1523 2589 1557 2618 11
1582 2580 1625 2618 in
1655 2580 1760 2618 Verr
1788 2589 1816 2618 V
1847 2581 1892 2627 ἐξ

1068 2644 1243 2673 101—10
1275 2661 1283 2670 .

1114 2646 1363 2735 seductiones]
1382 2683 1526 2737 taking
1543 2686 1655 2725 them
1681 2686 1792 2725 aside
1811 2686 1892 2725 and

1061 2740 1221 2791 talking
1239 2740 1450 2790 anxiously
1464 2746 1506 2778 to
1525 2739 1650 2787 them,
1676 2742 1686 2760 ‘
1699 2739 1891 2791 whisper-

1062 2793 1152 2844 ings
1171 2801 1214 2832 to
1235 2792 1468 2841 witnesses,’
1497 2805 1688 2843 compare
1718 2793 1888 2840 Persius,

1061 2856 1098 2885 11
1127 2862 1167 2895 4,
1187 2856 1217 2884 V
1241 2858 1326 2896 143,
1350 2856 1398 2884 VI
1425 2859 1474 2896 4²
1495 2847 1690 2898 paullum
1718 2859 1744 2884 a
1774 2846 1892 2885 turba

1061 2900 1254 2939 seductior
1269 2900 1381 2939 audi.
1727 2924 1731 2928 -

1595 82 1792 151 [XXIV
1816 102 1879 148 49
2029 0 2054 158 i

2038 166 2054 181 C

2038 189 2054 234 Ξ
