2054 3120
233 91 325 134 104

793 76 938 125 PRO
980 76 1028 124 L
1071 76 1146 123 M
1148 75 1398 125 URENA

1585 71 1861 142 [XXXVII
1892 90 1953 139 79

229 179 375 229 etiam
406 177 542 227 domi
567 194 707 227 meae
737 194 897 243 saepe,
927 179 1128 239 iudices,
1164 179 1240 228 his
1266 196 1354 229 vos
1389 179 1429 228 si
1464 181 1668 229 alterum
1702 183 1952 230 consulem

223 258 535 318 tradideritis,
584 260 695 321 plus
745 261 903 308 multo
953 268 1092 308 erunt
1137 259 1308 308 vestris
1354 261 1604 310 sententiis
1655 278 1802 325 quam
1856 263 1953 311 suis

226 339 398 403 gladiis
429 339 692 394 consecuti.

762 339 927 402 magni
960 339 1173 398 interest,
1204 339 1403 400 iudices,
1438 340 1489 388 id
1517 343 1653 404 quod
1677 359 1768 405 ego
1791 343 1953 392 multis

226 418 607 488 repugnantibus
633 420 709 482 egi
732 429 879 482 atque
907 420 1102 482 perfeci,
1137 435 1242 468 esse
1275 420 1514 469 Kalendis
1550 422 1785 470 Ianuariis
1818 422 1868 470 in
1901 439 1953 471 re

142 509 204 556 80
226 499 422 562 publica
457 500 582 548 duos
617 501 858 548 consules.
919 499 1072 548 nolite
1106 500 1339 558 arbitrari,
1378 500 1705 549 mediocribus
1739 501 1953 550 consiliis

225 586 310 626 aut
355 577 542 627 usitatis
577 578 703 627 vitiis
738 588 821 627 aut
844 596 872 623 ae
911 599 937 626 a
955 597 969 639 3
1014 595 1116 627 non
1151 582 1230 628 lex
1263 580 1498 642 improba,
1541 597 1644 628 non
1683 581 1955 643 perniciosa

223 658 426 721 largitio,
464 675 566 708 non
602 660 824 708 auditum
859 659 1126 722 aliquando
1162 661 1362 723 aliquod
1395 662 1578 708 malum
1616 660 1685 710 rei
1729 661 1953 724 publicae

159 764 167 771 -
224 741 468 804 quaeritur
482 760 495 802 3
534 741 655 790 inita
691 751 801 790 sunt
836 742 886 790 in
911 743 1003 790 hac
1028 742 1222 790 civitate
1247 727 1694 802 consiliasiudices,
1718 743 1849 791 urbis
1874 743 1954 791 de-

224 822 417 882 lendae,
453 821 631 870 civium
666 823 1079 883 trucidandorum,
1111 822 1325 871 nominis
1357 822 1572 871 Romani
1601 822 1950 886 exstinguendi.

225 911 374 964 atque
419 903 488 950 sic
523 901 669 962 cives,
715 902 845 950 cives
888 902 1104 964 inquam,
1156 902 1195 950 si
1231 918 1316 951 eos
1352 903 1448 950 hoc
1482 901 1683 950 nomine
1724 903 1954 965 appellari

223 974 295 1030 fas
324 990 409 1042 est,
441 983 503 1030 de
525 981 681 1044 patria
709 998 797 1030 sua
826 990 874 1030 et
903 982 1119 1044 cogitant
1159 992 1206 1031 et
1238 982 1584 1045 cogitaverunt.

1654 983 1827 1031 horum
1862 999 1953 1046 ego

224 1062 404 1111 cotidie
429 1062 643 1129 consiliis
667 1079 880 1123 occurro,
908 1061 1162 1110 audaciam
1187 1063 1405 1123 debilito,
1442 1061 1610 1110 sceleri
1643 1051 1828 1122 resisto,
1866 1064 1954 1111 sed

224 1161 418 1202 moneo,
444 1144 658 1194 iudices:
693 1144 743 1192 in
769 1145 899 1193 exitu
923 1144 1020 1192 iam
1048 1153 1120 1192 est
1143 1160 1280 1192 meus
1305 1145 1583 1192 consulatus
1598 1160 1613 1203 3
1646 1143 1800 1192 nolite
1834 1143 1954 1192 mihi

224 1225 503 1273 subtrahere
526 1223 757 1272 vicarium
791 1241 931 1273 meae
967 1223 1260 1287 diligentiae,
1297 1223 1450 1272 nolite
1473 1223 1686 1271 adimere
1711 1240 1837 1283 eum,
1874 1223 1954 1272 cui

275 1390 495 1443 compressi]
515 1404 560 1431 so
581 1391 674 1430 Phil
694 1402 728 1430 11
749 1394 770 1441 ξ
791 1405 837 1432 21
856 1392 1047 1443 impetum

220 1451 338 1485 tuum
352 1446 640 1497 compressisset.
677 1446 824 1485 ‘Have
844 1446 1047 1498 stopped‚'

228 1499 430 1551 ‘brought
457 1512 514 1551 up
544 1499 678 1551 sharp.
686 1498 696 1517 '
770 1500 924 1539 Sallust
956 1513 1048 1552 says

221 1553 350 1592 ianua
360 1553 566 1604 prohibiti.

275 1607 384 1645 domi
401 1607 520 1655 meae]
539 1605 723 1658 alluding
736 1612 779 1646 to
791 1606 861 1646 the
873 1612 1049 1659 attempt

223 1660 271 1699 of
290 1660 324 1699 C
357 1660 570 1699 Cornelius
599 1660 680 1698 and
709 1661 746 1698 L
774 1661 1047 1712 Vargunteius

222 1727 275 1752 on
303 1713 367 1752 his
391 1713 474 1752 life.
542 1713 746 1765 Compare
765 1714 808 1752 in
828 1714 938 1753 Catil
959 1724 974 1752 1
1003 1717 1047 1763 ἐξ

222 1779 259 1820 9,
302 1779 363 1816 ro,
404 1780 480 1819 pro
520 1767 635 1807 Sulla
675 1769 697 1816 ἕ
734 1769 795 1816 18,
839 1767 927 1806 Sall
969 1768 1048 1807 Cat

274 1873 398 1925 saepe]
426 1873 573 1918 Cicero
601 1873 748 1925 speaks
776 1872 824 1913 of
858 1875 1048 1929 previous
1078 1915 1095 1927 -.

222 1933 428 1979 attempts,
459 1927 502 1966 in
531 1927 640 1966 Catil
668 1937 684 1965 1
712 1929 755 1975 ἐξ
785 1937 935 1976 11,15‚
973 1928 1047 1968 but

221 1981 334 2020 there
362 1993 406 2019 as
433 1980 529 2019 here
556 1980 608 2020 he
636 1980 670 2019 is
697 1981 898 2032 probably
925 1994 1045 2032 exag-

220 2034 408 2095 gerating
424 2034 494 2072 the
513 2034 594 2073 fact
611 2034 667 2085 by
686 2047 776 2086 way
794 2034 841 2073 of
853 2034 1046 2086 frighten·

221 2088 292 2140 ing
311 2087 408 2126 the
394 2100 496 2148 jury.

274 2141 338 2180 lzis
355 2154 423 2179 vos
439 2142 520 2179 si=
529 2140 585 2188 ki,
607 2139 647 2179 si
660 2154 728 2179 vos
745 2140 805 2179 iis.
866 2140 1009 2180 Halm.

274 2194 337 2246 egi
362 2199 478 2245 atque
495 2193 660 2244 perfect]
688 2193 702 2232 i
722 2207 745 2232 e
774 2195 794 2232 I
824 2195 943 2233 stood
975 2200 1046 2234 out

221 2249 378 2300 against
397 2247 466 2286 the
485 2247 638 2286 further
656 2247 776 2298 delay
794 2247 841 2286 of
855 2247 925 2286 the
951 2261 1044 2287 con-

220 2302 329 2341 sular
346 2301 532 2348 election,
555 2301 636 2339 and
651 2301 804 2340 carried
818 2299 851 2340 it
870 2301 1046 2352 through

220 2356 263 2394 in
281 2355 386 2407 spite
405 2354 452 2393 of
478 2355 642 2405 danger.
719 2354 922 2406 Compare
941 2357 962 2403 ἕ
983 2368 1043 2404 52.

220 2409 402 2448 Tischer.

272 2462 385 2510 duos]
405 2474 595 2512 compare
614 2461 635 2509 ἓ
654 2473 691 2508 4.
753 2460 855 2500 This
873 2474 957 2501 was
976 2461 1046 2501 the

220 2521 436 2567 argument
471 2515 573 2561 that,
595 2514 796 2566 procured
837 2515 1045 2554 Murena's

218 2568 425 2620 aequittal,
449 2580 493 2607 as
515 2568 658 2607 Cicero
677 2580 779 2618 says,
800 2581 876 2619 pro
896 2569 1046 2607 Flacco

222 2624 244 2671 ἓ
273 2623 323 2673 98
347 2635 459 2660 nemo
477 2621 642 2660 illorum
662 2621 845 2660 iudicum
872 2622 1043 2660 clarissi-

220 2677 299 2715 mis
332 2675 434 2714 vz'mzv
477 2674 754 2713 accusantibus
796 2675 1043 2714 audiendum

218 2728 295 2769 sibi
320 2729 367 2767 de
393 2727 547 2767 ambitu
574 2727 741 2778 putavit
774 2740 865 2766 cum
899 2728 1043 2767 bellum

220 2784 304 2822 iam
320 2786 478 2833 gerente
504 2781 684 2820 Catilina
707 2794 840 2820 omnes
863 2794 926 2820 me
949 2794 1042 2820 auc-

220 2841 302 2875 tore
311 2835 408 2874 duos
424 2835 598 2874 consules
610 2834 811 2873 Kalendis
827 2835 1044 2874 Ianuariis

219 2889 366 2930 scirent
389 2901 466 2928 esse
485 2893 664 2936 oportere.
730 2887 959 2939 Quintilian
989 2897 1040 2933 vl

1132 1404 1147 1431 1
1171 1395 1192 1441 ἓ
1215 1403 1260 1444 35
1283 1391 1466 1432 remarks
1485 1392 1554 1432 the
1574 1405 1699 1432 same.

1182 1449 1234 1486 8ο
1287 1447 1412 1495 vitiis]
1451 1459 1497 1485 so
1533 1446 1603 1486 the
1636 1456 1731 1485 Mss.
1803 1447 1954 1499 Zumpt

1122 1498 1294 1551 justifies
1322 1500 1479 1539 usitatis
1504 1499 1560 1550 by
1582 1509 1617 1538 ΙΙ
1636 1500 1679 1539 in
1698 1500 1804 1539 Verr
1822 1510 1857 1539 11
1885 1503 1907 1549 ξ
1926 1513 1951 1553 9

1126 1554 1163 1592 si
1180 1554 1322 1592 usitato
1337 1567 1444 1592 more
1450 1559 1651 1605 peccasset.
1700 1553 1790 1592 The
1808 1554 1954 1593 lacuna

1126 1607 1261 1646 which
1288 1607 1447 1646 follows
1474 1607 1509 1646 is
1536 1606 1648 1646 filled
1679 1620 1735 1658 up
1773 1607 1867 1646 thus
1898 1608 1954 1659 by

1128 1661 1186 1699 Fr
1216 1661 1396 1708 Richter,
1437 1665 1511 1699 aut
1546 1659 1748 1710 [humana
1783 1674 1830 1698 ac
1863 1662 1952 1700 tole-

1127 1715 1264 1753 randa
1310 1714 1480 1752 audacia
1526 1714 1577 1752 ab
1621 1713 1708 1752 istis
1745 1714 1954 1764 desperatis

1126 1768 1355 1806 hominibus
1371 1767 1468 1819 agi]
1491 1766 1547 1817 by
1565 1767 1671 1806 Boot
1689 1772 1766 1805 aut
1785 1767 1954 1819 [exiguis

1127 1822 1246 1871 copiis
1290 1834 1374 1860 rem
1423 1820 1632 1872 publicam
1678 1820 1816 1878 impuo
1821 1821 1950 1871 nari].

1128 1874 1271 1913 Halm.

1179 1927 1357 1978 largitio]
1376 1939 1444 1966 see
1462 1939 1516 1965 on
1535 1928 1555 1974 ξ
1576 1939 1638 1976 24.

1181 1981 1244 2020 rei
1260 1980 1459 2032 publicae]
1479 1981 1615 2019 dative
1645 1979 1748 2020 aster
1775 1981 1944 2020 malum.

1179 2034 1408 2085 quaeritur]
1431 2035 1465 2073 is
1497 2033 1632 2072 aimed
1659 2040 1713 2082 at,
1738 2046 1781 2073 sc
1808 2034 1864 2085 by
1882 2034 1951 2074 the

1126 2088 1409 2139 conspirators.

1183 2141 1287 2179 inita
1305 2140 1421 2189 sunt]
1440 2140 1482 2178 in
1501 2139 1571 2179 the
1582 2141 1745 2192 passive
1756 2140 1838 2181 this
1853 2153 1949 2180 con-

1128 2194 1324 2233 struction
1342 2194 1441 2232 with
1459 2194 1638 2245 genitive
1658 2194 1705 2232 of
1718 2194 1788 2233 the
1804 2207 1949 2245 gerun-

1129 2249 1222 2287 dive
1242 2247 1275 2286 is
1294 2247 1445 2298 always
1463 2247 1574 2287 used.
1616 2247 1821 2298 Compare
1839 2250 1860 2296 ἕ
1881 2248 1944 2295 81,

1128 2315 1204 2354 pro
1221 2301 1336 2341 Sulla
1355 2301 1375 2347 ἓ
1391 2313 1413 2350 3
1434 2313 1532 2339 nam
1559 2299 1599 2339 si
1620 2306 1675 2339 est
1697 2301 1847 2339 initum
1865 2314 1892 2339 a
1911 2303 1955 2340 P

1128 2355 1248 2394 Sulla
1262 2355 1472 2393 consilium
1491 2353 1812 2404 inflammandae
1827 2354 1951 2393 lzuius

1128 2408 1252 2453 urbis,
1278 2408 1537 2468 extinguendi
1565 2406 1735 2457 imperii,
1770 2407 1952 2446 delendae

1128 2462 1309 2500 civitatis.
1358 2461 1466 2499 inire
1497 2460 1710 2499 consilium
1746 2460 1781 2499 is
1817 2473 1947 2500 some-

1126 2516 1245 2554 times
1289 2513 1480 2553 followed
1524 2513 1580 2564 by
1620 2513 1690 2552 the
1734 2513 1946 2553 infinitive.

1128 2568 1301 2619 Madvig
1319 2569 1340 2615 ξ
1359 2576 1450 2617 417,
1473 2566 1547 2605 obs
1568 2578 1605 2604 2.

1179 2621 1356 2681 occurro]
1392 2625 1465 2658 not
1495 2632 1540 2658 as
1571 2620 1614 2658 in
1646 2619 1666 2666 ἓ
1695 2621 1747 2668 48
1783 2620 1858 2660 but
1889 2617 1948 2672 (as

1127 2674 1287 2722 osten)'
1277 2687 1319 2712 in
1333 2686 1386 2712 an
1404 2672 1693 2712 unfavourable
1711 2686 1839 2714 sense.

1168 2727 1318 2775 moneo]
1337 2727 1406 2765 the
1421 2726 1694 2765 construction
1705 2726 1947 2778 ischanged:

1123 2781 1155 2820 it
1182 2781 1332 2826 would,
1358 2780 1394 2818 if
1415 2779 1586 2830 regular,
1609 2792 1685 2818 run
1703 2792 1758 2819 on
1775 2779 1822 2819 in
1838 2781 1946 2820 exitu

1123 2835 1208 2874 iam
1225 2847 1302 2874 esse
1315 2846 1448 2874 meum
1466 2833 1731 2873 consulatum.
