2054 3120
126 78 132 86 '
186 108 248 156 34
738 94 888 143 PRO
931 94 977 141 L
1021 94 1348 143 MURENA
1748 93 1853 162 [111
1880 102 1907 147 6

183 199 246 246 ab
291 214 342 247 re
386 197 582 260 publica
625 196 745 245 mihi
789 197 1067 259 impositam
1112 197 1330 259 sustinui,
1373 198 1496 248 sicut
1536 199 1679 249 huius
1721 200 1906 263 imperii

184 277 392 341 dignitas
428 277 479 325 in
514 294 707 326 summo
741 278 955 340 periculo
995 277 1172 326 civium
1212 280 1502 341 postulabat.
1575 281 1751 342 quodsi
1787 291 1906 339 tum,

185 372 297 403 cum
320 372 395 404 res
426 355 624 418 publica
653 356 753 403 vim
788 365 836 404 et
872 356 1175 405 severitatem
1211 356 1530 418 desiderabat,
1556 358 1650 406 vici
1686 369 1906 407 naturam

183 444 231 484 et
255 445 354 484 tam
377 436 639 484 vehemens
663 435 736 489 fuis
759 438 904 498 quam
938 437 1158 498 cogebas,
1185 453 1287 485 non
1320 453 1467 500 quam
1494 440 1732 498 volebam,
1758 456 1905 498 nunc,

183 532 295 563 cum
331 532 501 564 omnes
536 532 616 564 me
651 532 825 564 causae
858 517 922 563 ad
957 515 1338 570 misericordiam
1373 526 1519 579 atque
1554 518 1905 567 humanitatem

163 604 370 665 vocent,
406 580 587 657 quanto
622 596 820 644 tandem
855 595 1018 644 studio
1053 583 1213 644 debeo
1247 605 1446 645 naturae
1480 613 1619 645 meae
1653 608 1908 647 consuetu-

120 671 123 673 *
182 674 382 737 dinique
414 675 616 724 servire!
684 691 742 723 ac
777 676 839 723 de
871 675 1032 724 officio
1067 675 1362 724 defensionis
1394 693 1531 724 meae
1553 693 1612 724 ac
1636 678 1698 725 de
1721 678 1907 726 ratione

181 755 502 804 accusationis
527 764 638 803 tuae
656 756 854 804 fortasse
873 755 1018 804 etiam
1041 755 1134 803 alia
1157 755 1207 803 in
1229 766 1364 819 parte
1389 757 1618 806 orationis
1643 757 1907 806 dicendum

182 836 323 884 nobis
349 836 448 885 erit.
1751 826 1760 835 ⁸

132 923 160 969 '7
283 918 369 965 sed
405 933 500 977 me,
542 916 743 976 iudices,
784 932 887 965 non
922 916 1084 964 minus
1123 915 1336 964 hominis
1379 917 1720 979 sapientissimi
1760 928 1907 981 atque

183 996 489 1059 ornatissimi,
538 997 624 1044 Ser
663 995 879 1058 Sulpicii,
916 997 1204 1059 conquestio
1241 1014 1388 1059 quam
1426 996 1628 1046 Catonis
1662 998 1906 1047 accusatio

181 1078 533 1145 commovebat,
578 1067 663 1138 qui
695 1075 974 1138 gravissime
1010 1062 1057 1123 et
1091 1076 1398 1125 acerbissime
1433 1093 1484 1125 se
1518 1078 1653 1125 ferre<
1672 1066 1795 1130 vdixit
1826 1093 1907 1125 me

181 1155 511 1205 familiaritatis
557 1155 1027 1218 necessitudinisque
1050 1157 1278 1205 'oblitum
1332 1173 1529 1205 causam
1585 1160 1627 1205 L
1670 1159 1906 1206 Murenae

181 1245 350 1285 contra
395 1253 446 1285 se
492 1237 764 1306 defendere.
837 1236 952 1284 huic
998 1252 1103 1298 ego,
1151 1236 1351 1296 iudiceS,
1400 1236 1514 1285 satis
1559 1238 1715 1285 facere
1761 1237 1906 1299 cupio

180 1334 365 1380 vosque
388 1316 619 1367 adhibere
642 1317 871 1366 arbitros:
907 1334 1022 1364 nam
1054 1334 1166 1365 cum
1197 1334 1339 1380 grave
1371 1327 1443 1366 est
1473 1335 1584 1367 vere
1614 1319 1830 1367 accusari
1857 1318 1908 1366 in

180 1398 405 1459 amicitia,
437 1408 556 1458 tum,
588 1399 734 1448 etiam
769 1399 809 1448 si
843 1401 964 1448 falso
998 1401 1252 1459 accuseris,
1288 1416 1391 1448 non
1426 1409 1499 1448 est
1531 1401 1905 1463 neglegendum.

181 1495 287 1542 ego,
313 1478 445 1528 Servi
468 1479 664 1542 Sulpici,
690 1496 770 1528 me
801 1479 851 1526 in
882 1478 1118 1542 petitione
1149 1489 1233 1527 tua
1264 1479 1351 1527 tibi
1385 1479 1549 1528 omnia
1580 1480 1740 1528 studia
1762 1490 1908 1543 atque

180 1559 338 1608 officia
360 1576 448 1622 pro
472 1569 637 1608 nostra
659 1559 1019 1608 necessitudine
1043 1568 1090 1608 et
1122 1559 1351 1608 debuisse
1385 1562 1619 1608 confiteor
1646 1570 1694 1608 et
1716 1559 1909 1622 praesti-

180 1641 294 1689 tisse
317 1641 531 1689 arbitror.
603 1641 724 1688 nihil
748 1640 837 1689 tibi
861 1642 1169 1689 consulatum
1191 1641 1377 1703 petenti
1409 1657 1438 1688 a
1470 1657 1549 1689 me
1581 1641 1746 1699 defuit,
1773 1630 1906 1702 quod

181 1730 307 1770 esset
330 1730 413 1769 aut
436 1710 498 1769 ab
522 1720 681 1769 amico
712 1730 796 1768 aut
828 1737 858 1768 a
887 1720 1097 1782 gratioso
1131 1729 1213 1768 aut
1247 1737 1277 1768 a
1310 1722 1510 1785 consule
1544 1721 1903 1785 postulandum.

181 1800 298 1849 abiit
338 1800 459 1848 illud
498 1808 706 1862 tempus,
735 1807 933 1854 'mutata
970 1796 1092 1847 ratio
1134 1808 1218 1847 est.
1290 1799 1360 1847 sic
1400 1798 1636 1856 existimo,
1680 1799 1750 1846 sic
1789 1799 1908 1846 mihi

233 1878 410 1951 imperii]
435 1901 449 1939 i
469 1914 492 1940 e
517 1901 752 1940 consularis.
797 1883 1002 1951 Compare
1083 1901 1203 1952 again
1231 1900 1274 1938 in
1303 1899 1449 1939 Cicero
1471 1901 1507 1947 (ἓ
1530 1909 1591 1950 72,
1615 1899 1669 1938 ad
1688 1899 1727 1950 Q
1745 1899 1907 1938 fratrem

180 1954 223 1993 in
243 1954 351 1993 Catil
371 1964 387 1992 1
408 1957 429 2002 ἓ
455 1967 510 1994 12.
556 1954 697 1992 Halm.
733 1954 913 2004 Perhaps
932 1953 1002 1992 the
1083 1964 1100 1992 1
1120 1967 1131 1992 1
1156 1956 1177 2002 ἕ
1200 1953 1427 2004 22),5ἰῐῐιρ1γ
1452 1952 1712 2003 ‘complaint.'
1741 1953 1903 2004 Zumpt.

180 2009 323 2047 decree
343 2008 390 2046 of
412 2008 482 2047 the
503 2008 652 2048 Senate
674 2007 770 2056 (Oct
793 2008 872 2055 25),
896 2007 1000 2045 vide·
1101 2007 1409 2058 familiaritatis
1423 2006 1802 2057 necessitudinisque]
1817 2019 1907 2057 pro·

180 2067 256 2100 ant
277 2062 450 2100 consules
480 2075 530 2100 ne
551 2061 653 2113 quid
674 2060 899 2099 detrimenti
925 2073 1000 2099 res·
1082 2060 1208 2111 bably
1227 2073 1252 2099 a
1271 2059 1508 2110 hendiadys,
1534 2072 1578 2098 as
1599 2059 1724 2098 Sorof
1738 2059 1889 2099 thinks.

171 2114 336 2167 publica
355 2116 496 2166 capiat,
521 2115 554 2153 is
573 2115 659 2154 also
679 2113 843 2153 alluded
862 2120 918 2152 to.
1136 2112 1393 2165 satisfacere]
1409 2119 1451 2152 to
1466 2113 1607 2164 justify
1626 2112 1776 2163 myself
1789 2113 1830 2151 in
1845 2113 1907 2151 his

234 2180 346 2207 nunc
363 2182 453 2207 cum
472 2169 622 2217 vocent]
649 2171 658 2189 ‘
672 2181 766 2206 now
792 2167 941 2218 feeling
958 2179 1003 2205 as
1085 2180 1190 2219 eyes.
1232 2166 1345 2214 This,
1369 2180 1413 2205 as
1432 2166 1524 2205 well
1543 2179 1587 2205 as
1605 2166 1788 2204 adhibere
1803 2166 1906 2204 arbi-

182 2222 210 2261 Ι4
223 2222 278 2260 do
298 2221 386 2261 that
398 2216 516 2272 every
530 2235 672 2260 reason
684 2220 782 2260 calls
801 2233 867 2259 me
885 2219 998 2259 to'...
1085 2227 1178 2267 tros,
1198 2221 1231 2259 is
1251 2234 1276 2259 a
1295 2220 1400 2271 legal
1419 2221 1664 2271 expression.
1704 2219 1907 2270 Compare

181 2289 272 2314 cum
289 2293 325 2309 =
344 2279 353 2296 ‘
367 2275 494 2315 since'
514 2275 710 2325 denoting
721 2274 790 2312 the
803 2273 1003 2322 occasion,
1084 2277 1105 2323 ἓ
1128 2285 1190 2324 27,
1215 2274 1381 2313 indicem
1400 2287 1456 2311 an
1476 2273 1687 2311 arbitrum.

182 2342 372 2382 compare
389 2341 480 2368 cum
498 2329 611 2376 sint§
626 2328 649 2366 8
661 2327 742 2366 and
756 2340 822 2366 see
835 2327 1006 2377 Madvig
1138 2327 1346 2375 accuseris]
1367 2327 1516 2377 Zumpt
1534 2326 1714 2364 remarks
1727 2325 1814 2364 that
1829 2325 1908 2364 this

182 2384 204 2431 ἓ
225 2387 314 2432 358.
1084 2381 1119 2420 is
1147 2393 1225 2419 one
1253 2380 1301 2418 of
1322 2380 1391 2419 the
1418 2379 1495 2418 few
1522 2381 1723 2417 instances
1757 2377 1804 2416 of
1839 2379 1907 2418 the

234 2436 395 2484 servire]
420 2449 445 2474 a
472 2441 612 2485 strong
639 2433 752 2473 word
781 2432 1005 2472 weakened
1087 2434 1236 2473 second
1257 2446 1403 2485 person
1422 2432 1602 2483 singular
1616 2432 1774 2482 passive
1789 2431 1830 2469 in
1850 2433 1908 2470 ris

183 2488 239 2539 by
266 2502 401 2540 usage.
492 2489 686 2539 Stronger
723 2487 757 2525 is
795 2486 999 2533 inservire,
1087 2487 1214 2526 found
1233 2487 1276 2525 in
1296 2486 1453 2525 Cicero.
1512 2485 1716 2536 Compare
1736 2485 1907 2535 Madvig

184 2541 266 2580 and
323 2547 523 2593 strongest
577 2542 623 2580 of
685 2540 742 2579 all
796 2540 999 2579 deservire.
1090 2542 1111 2588 ἓ
1138 2552 1212 2588 114
1230 2540 1270 2579 b.

183 2595 344 2647 Zumpt.
1140 2607 1166 2631 a
1185 2593 1259 2641 me]
1285 2594 1362 2631 ‘on
1380 2605 1450 2642 my
1467 2588 1585 2642 part-²
1647 2590 1778 2628 Halm
1797 2603 1905 2630 com·

235 2650 320 2688 alia
339 2649 383 2687 in
395 2647 527 2698 parte]
549 2649 569 2695 ἓ
589 2646 638 2695 67
659 2646 744 2685 soll.
1086 2659 1206 2698 pares
1225 2659 1300 2697 pro
1320 2645 1476 2684 Milone
1498 2646 1519 2692 ἓ
1550 2655 1624 2683 100
1648 2643 1721 2682 tibi
1743 2645 1905 2683 nullum

239 2712 261 2752 7
315 2701 612 2752 sapientissimi]
631 2700 728 2738 here
756 2713 799 2738 as
827 2698 939 2739 often
965 2697 1012 2736 of
1087 2714 1114 2738 a
1145 2712 1206 2738 me
1226 2698 1377 2737 amoris
1401 2698 1565 2736 nullum
1591 2697 1718 2735 studii
1742 2698 1904 2736 nullum

182 2767 209 2795 a
234 2755 401 2795 learned
423 2754 554 2806 jurist.
609 2753 813 2804 Compare
842 2751 1006 2791 Laelius
1077 2752 1239 2804 pietatis
1255 2751 1424 2802 afficiunt
1441 2751 1576 2802 defuit.

182 2811 205 2857 ἓ
225 2807 260 2848 6.
1136 2804 1327 2856 gratioso]
1386 2817 1411 2842 a
1466 2803 1726 2842 substantive.
1827 2803 1906 2843 See

236 2859 471 2914 conquestio]
505 2866 577 2899 not
612 2860 655 2898 in
700 2859 768 2898 the
808 2858 1007 2899 technical
1090 2858 1275 2909 Nagelsb
1304 2857 1371 2896 stil
1399 2859 1419 2905 ἓ
1450 2867 1496 2905 25
1527 2857 1555 2895 b
1584 2869 1703 2908 page,
1722 2857 1788 2894 81.

185 2927 301 2954 sense
330 2915 376 2954 of
398 2915 450 2953 de
482 2914 619 2952 invent
648 2923 663 2951 1
691 2915 712 2960 g
746 2911 830 2960 106,
862 2912 935 2950 but
964 2924 1008 2950 as
1140 2911 1254 2959 abiit]
1286 2911 1342 2950 ie
1357 2910 1536 2961 frustra.
1599 2910 1801 2961 Compare
1829 2922 1906 2961 pro
