2054 3120
211 106 276 164 84
774 106 924 156 PRO
966 107 1013 155 L
1057 108 1388 159 MURENA
1599 107 1850 175 [XXVIII
1878 125 1939 174 59

62 262 66 264 ,
125 212 185 261 59
208 211 464 262 videretur.
492 199 499 201 i
536 212 692 275 quid?
759 214 844 262 Ser
879 215 1272 263 Galbam—nam
1309 214 1541 263 traditum
1575 216 1839 266 memoriae
1868 230 1942 266 est

207 309 441 360 —nonne
487 309 670 356 proavo
717 293 1121 351 tuo‚·fortissimo
1159 303 1306 357 atque
1347 295 1690 345 florentissimo
1724 296 1844 356 viro,
1878 298 1940 344 Μ

209 371 387 420 Catoni
432 371 737 421 incumbenti
773 374 838 421 ad
875 372 977 422 eius
1017 373 1284 436 perniciem
1318 376 1530 437 populus
1565 377 1820 424 Romanus
1856 375 1940 425 eri-

207 450 350 511 puit?
396 467 588 513 semper
610 451 661 499 in
685 453 779 500 hac
802 451 996 501 civitate
1019 452 1164 501 nimis
1187 453 1377 515 magnis
1406 456 1742 514 accusatorum
1766 454 1941 518 opibus

206 540 255 579 et
299 532 510 594 populus
557 531 811 580 universus
858 541 908 580 et
954 532 1198 595 sapientes
1239 550 1297 581 ac
1341 535 1550 582 multum
1596 535 1647 582 in
1691 544 1939 597 posterum

204 611 555 673 prospicientes
590 611 775 660 iudices
812 611 1101 660 restiterunt.
1175 615 1292 661 nolo
1331 624 1585 662 accusator
1624 613 1675 662 in
1706 614 1940 669 iudicium

203 690 475 756 potentiam
513 692 711 749 adferat,
756 707 858 739 non
889 691 988 740 vim
1024 683 1259 750 maiorem
1291 693 1519 755 aliquam,
1556 711 1658 743 non
1688 684 1941 743 auctorita-

204 780 304 818 tem
329 773 662 831 excellentem,
694 788 795 819 non
823 770 1025 819 nimiam
1048 771 1280 835 gratiam:
1316 775 1509 821 valeant
1542 775 1665 822 haec
1688 773 1854 825 omnia
1874 776 1940 840 ad

204 852 408 899 salutem
454 851 805 910 innocentium,
866 852 930 900 ad
976 868 1122 914 opem
1173 851 1528 915 impotentium,
1587 854 1653 903 ad
1708 854 1939 902 auxilium

203 929 610 991 calamitosorum,
641 926 941 995 inpericulo
972 947 1089 980 vero
1125 941 1172 980 et
1207 931 1257 978 in
1291 931 1506 994 pernicie
1541 932 1720 982 civium
1751 934 1940 996 repudi-

118 1006 181 1054 60
203 1017 355 1056 entur.
425 1026 540 1056 nam
565 1009 605 1057 si
630 1009 736 1072 quis
768 1011 864 1058 hoc
897 1012 1021 1059 forte
1055 1010 1200 1069 dicet,
1228 1013 1469 1060 Catonem
1495 1014 1844 1068 descensurum
1874 1014 1938 1062 ad

201 1090 533 1137 accusandum
556 1106 658 1137 non
682 1089 842 1154 fuisse)
869 1090 962 1138 nisi
985 1091 1117 1153 prius
1152 1093 1215 1140 de
1246 1108 1394 1140 causa
1417 1091 1691 1152 iudicasset,
1718 1093 1938 1156 iniquam

199 1169 373 1230 legem,
422 1168 623 1228 iudices,
672 1178 721 1217 et
766 1169 994 1218 miseram
1041 1169 1388 1219 condicionem
1434 1170 1655 1221 instituet
1710 1173 1938 1235 periculis

199 1244 470 1304 hominum,
511 1244 551 1293 si
592 1244 945 1294 existimabitur
975 1235 1544 1296 iudicium-accusatoris
1582 1248 1633 1295 in
1668 1265 1806 1297 reum
1847 1265 1937 1312 pro

199 1320 364 1383 aliquo
388 1321 688 1383 praeiudicio
711 1323 871 1371 valere
896 1332 1134 1385 oportere.
1807 1321 1809 1323 ¹

299 1417 445 1451 XXIX.
518 1418 609 1464 ego
641 1411 782 1451 tuum
818 1403 1092 1463 consilium,
1120 1406 1260 1462 Cato,
1293 1415 1492 1467 propter
1522 1404 1762 1467 singulare
1785 1404 1936 1454 animi
2044 1373 2054 1442 i

199 1481 296 1530 mei
328 1483 389 1530 de
418 1491 502 1530 tua
524 1482 700 1531 virtute
731 1482 982 1542 iudicium,
1007 1483 1283 1546 vituperare
1307 1486 1441 1533 nolo:
1480 1487 1718 1534 nonnulla
1735 1485 1934 1534 forsitan
2048 1477 2054 1494 ⁷

198 1565 502 1612 conformare
527 1573 576 1613 et
599 1563 768 1613 leviter
792 1565 1056 1614 emendare
1081 1565 1280 1628 possim.
1341 1582 1456 1614 non
1492 1568 1674 1615 multa
1706 1567 1930 1629 peccas,

248 1709 435 1757 abiectus]
453 1708 723 1755 overthrown‚
736 1708 874 1748 struck
886 1709 1021 1754 down,

198 1776 388 1815 compare
410 1763 452 1801 in
473 1762 582 1802 Catil
603 1772 638 1801 11
659 1764 680 1810 ἓ
697 1775 712 1800 1
735 1776 773 1802 se
789 1762 1022 1813 perculsum

196 1822 312 1868 atque
328 1817 514 1856 abiectum
533 1829 607 1854 esse
622 1816 748 1855 sentit.

253 1882 303 1921 59
357 1870 459 1921 quid
468 1869 504 1918 .?]
550 1882 596 1908 so
637 1871 656 1916 ἓ
696 1882 759 1920 33.
817 1869 1022 1921 Compare

198 1923 369 1974 Madvig
387 1925 407 1970 ἓ
427 1933 503 1973 479
523 1923 563 1971 d,
588 1923 662 1961 obs
686 1936 719 1962 1.

249 1979 326 2016 Ser
340 1977 543 2028 Sulpicius
567 1977 706 2024 Galba]
736 1976 831 2015 who
846 1988 890 2014 as
905 1989 1019 2027 prae-

197 2037 261 2069 tor
280 2031 323 2069 in
353 2030 482 2082 Spain
510 2039 576 2068 BC
610 2040 679 2079 151
710 2029 793 2068 had
821 2030 1020 2068 treacher-

197 2084 313 2134 ously
330 2084 558 2123 massacred
581 2093 729 2131 30,000
748 2083 1018 2122 Lusitanians.

199 2138 300 2177 Suet
328 2137 463 2177 Galba
493 2150 526 2187 3.
590 2137 672 2174 For
707 2136 770 2175 his
807 2137 1021 2176 oratorical

196 2204 348 2242 power,
368 2191 432 2229 his
455 2190 549 2229 trial
575 2190 656 2228 and
679 2189 885 2241 acquittal‚
910 2203 1020 2229 com-

196 2258 294 2296 pare
313 2245 460 2283 Brutus
480 2246 501 2291 ἓ
521 2244 585 2295 89,
610 2244 662 2283 de
681 2249 769 2282 orat
787 2253 805 2281 1
826 2245 847 2291 ἓ
868 2253 957 2293 '²²7-

249 2298 494 2336 incumbenti
511 2298 582 2345 acz']
613 2309 804 2348 compare
823 2309 877 2335 on
902 2298 923 2345 ἓ
953 2307 973 2345 5
980 2309 1017 2347 3,

196 2352 278 2390 and
308 2351 390 2390 add
415 2353 458 2389 in
489 2350 598 2390 Catil
630 2359 680 2389 IV
705 2353 724 2398 ξ
752 2365 777 2400 4
809 2350 1024 2389 incumbite

194 2405 251 2443 ad
264 2406 431 2444 salutem
449 2404 690 2456 respublicae.

240 2458 477 2509 potentiam]
496 2458 596 2496 with
615 2457 809 2505 inferiors,
823 2458 1020 2507 gratiam,

195 2512 295 2551 with
309 2512 510 2562 superiors
528 2512 571 2549 in
584 2510 699 2559 rank,
719 2512 923 2562 standing,
940 2520 1014 2550 etc.

198 2566 401 2616 Compare
428 2577 504 2616 pro
528 2564 676 2610 Caee§
705 2574 752 2614 73
772 2565 880 2615 quod
900 2577 1022 2615 neque

194 2618 346 2669 inflecti
361 2619 500 2669 gratia
518 2631 640 2668 neque
658 2617 870 2669 perfringi
884 2623 1018 2668 poten-

193 2672 253 2712 tia
283 2685 407 2723 neque
431 2671 656 2710 adulterari
675 2671 849 2722 pecunia
877 2671 1014 2722 possit,

197 2735 213 2764 1
232 2728 275 2764 in
293 2725 464 2764 Verrem
484 2726 503 2772 ἓ
530 2734 588 2772 15,
614 2737 690 2775 pro
711 2724 838 2764 Planc
855 2726 876 2773 ξ
897 2737 959 2774 24.

248 2777 301 2818 60
354 2779 402 2817 de
436 2778 575 2827 causa]
608 2779 686 2817 ‘on
715 2778 783 2816 the
810 2777 950 2816 merits
977 2777 1025 2816 of

196 2832 266 2871 the
284 2831 407 2872 case.'

248 2886 379 2936 legem.
389 2917 397 2924 .
406 2883 699 2936 ‚condicionemJ
714 2885 725 2904 ‘
733 2883 830 2924 rule'
838 2915 846 2923 .
855 2915 864 2924 .
872 2915 881 2924 .
889 2887 899 2906 ‘
908 2884 1016 2935 prin-

196 2938 330 2991 ciple.'
386 2938 444 2979 So
463 2951 538 2990 pro
561 2938 671 2978 Caec
698 2939 719 2987 ἕ
741 2949 794 2986 40
817 2937 940 2978 videte
945 2943 1023 2989 per

1107 1708 1190 1747 deos
1210 1709 1461 1757 immortales,
1481 1710 1588 1760 quod
1601 1712 1666 1748 ius
1683 1711 1793 1749 nobis
1809 1725 1932 1762 quam

1105 1762 1368 1801 condicionem
1395 1763 1579 1802 vobismet
1602 1764 1699 1814 ipsis
1724 1778 1847 1815 quam
1874 1767 1934 1804 de·

1106 1816 1228 1866 nique
1260 1816 1416 1855 civitati
1449 1817 1567 1867 legem
1609 1818 1839 1857 constituere
1871 1833 1932 1858 ve-

1106 1869 1200 1908 litis.
1260 1869 1463 1920 Compare
1500 1870 1587 1908 also
1615 1883 1691 1922 pro
1722 1871 1873 1911 Flacco
1909 1875 1932 1921 ἓ

1108 1936 1170 1972 24,
1200 1935 1275 1974 pro
1305 1923 1454 1962 Cluent
1480 1925 1501 1970 ἓ
1534 1936 1620 1973 150.
1676 1923 1759 1963 Yet
1788 1925 1933 1965 Cicero

1105 1976 1290 2027 employs
1317 1976 1396 2014 this
1424 1990 1521 2027 very
1539 1977 1622 2016 line
1649 1977 1696 2016 of
1720 1986 1932 2029 argument

1103 2029 1147 2067 in
1173 2042 1248 2080 pro
1288 2029 1404 2069 Sulla
1439 2032 1460 2078 ξ
1499 2031 1561 2080 85,
1594 2043 1638 2070 as
1676 2031 1807 2070 Halm
1837 2026 1933 2072 well

1102 2083 1239 2134 points
1259 2088 1343 2122 out.

1147 2143 1228 2187 pro
1255 2137 1389 2188 aliquo
1406 2137 1668 2188 praeiudicio]
1702 2139 1768 2177 ‘as
1796 2152 1821 2177 a
1848 2145 1932 2180 sort

1104 2189 1152 2228 of
1182 2191 1378 2229 recorded
1414 2189 1595 2229 verdict.’
1665 2191 1743 2230 See
1780 2193 1851 2232 div
1885 2193 1930 2239 in

1106 2243 1244 2282 Caecil
1266 2245 1286 2290 ἓ
1313 2257 1357 2282 12
1378 2244 1425 2282 de
1439 2257 1516 2295 quo
1541 2258 1623 2283 non
1634 2245 1930 2296 praeiudicium

1102 2298 1170 2335 sed
1195 2297 1321 2348 plane
1345 2297 1539 2336 iudicium
1566 2297 1650 2336 iam
1665 2299 1829 2348 factum
1847 2306 1929 2351 pu-

1102 2356 1227 2398 tatur,
1269 2350 1405 2389 where
1442 2351 1511 2389 the
1545 2352 1738 2403 meaning
1774 2353 1822 2390 os
1859 2354 1929 2393 the

1103 2404 1217 2443 word
1237 2417 1372 2443 comes
1392 2410 1462 2442 out
1480 2404 1663 2455 foreibly.
1807 2419 1809 2421 ’

1157 2457 1253 2495 xxix
1307 2458 1411 2505 nolo]
1445 2456 1585 2496 Boot's
1617 2457 1796 2497 brilliant
1830 2472 1925 2498 con-

1099 2509 1266 2561 jecture.
1326 2511 1417 2549 The
1455 2520 1536 2549 MSS
1572 2510 1678 2550 have
1713 2525 1738 2550 a
1781 2512 1928 2552 lacuna

1103 2564 1212 2612 here,
1237 2569 1381 2615 except
1401 2577 1478 2603 one
1497 2563 1662 2603 inferior
1681 2578 1772 2612 one,
1791 2566 1927 2606 which

1103 2618 1220 2656 reads
1249 2630 1330 2656 non
1357 2617 1490 2664 audeo,
1515 2618 1596 2656 and
1625 2618 1715 2670 Lag
1727 2631 1764 2671 e9
1790 2619 1928 2659 which

1103 2671 1176 2709 has
1196 2684 1278 2709 non
1291 2676 1466 2721 possum.

1155 2724 1418 2775 conformare]
1447 2726 1456 2744 ‘
1474 2723 1594 2774 bring
1617 2724 1704 2764 into
1728 2724 1798 2764 the
1816 2726 1925 2777 right
1976 2759 1980 2761 ,
2003 2747 2006 2750 «

1102 2775 1256 2828 shape.'
1287 2777 1343 2816 So
1360 2776 1489 2815 Halm
1508 2777 1590 2815 and
1605 2777 1639 2815 F
1642 2779 1792 2821 reund:
1810 2791 1925 2820 more
1992 2814 1998 2825 s

1101 2829 1298 2882 precisely
1331 2830 1502 2890 Madyig
1533 2843 1588 2869 on
1615 2831 1669 2870 de
1696 2831 1754 2870 fin
1778 2834 1872 2881 1v§
1898 2841 1920 2881 5

1099 2897 1180 2935 qua
1199 2897 1324 2923 mores
1340 2884 1588 2935 conformari
1592 2890 1810 2935 putantur,
1831 2897 1924 2937 says

1100 2937 1250 2978 Ethica
1269 2950 1394 2976 mores
1415 2937 1619 2977 constituit
1644 2951 1666 2978 e
1694 2939 1829 2990 quales
1850 2952 1925 2979 esse
1977 2990 1982 2994 g
