2054 3120
13 725 19 729 '
95 718 266 759 nimiam
292 719 559 771 diligentiam,
587 720 719 767 Servi,
737 721 925 761 coniecta

247 74 699 126 VARJATJONS
739 75 961 125 FROM
994 76 1280 126 HALM’S
1327 77 1531 125 TEXT
1570 77 1694 124 1868
1742 89 1832 139 115

181 180 204 228 ἓ
223 181 288 234 67.
345 182 415 234 qui
434 181 524 234 lege
542 181 757 234 punierim.
839 181 950 238 quod
969 180 1060 233 lege
1080 181 1291 234 punierim.
1328 181 1386 222 H.
1570 181 1649 222 nisi
1667 181 1833 222 iudicat.

100 248 135 289 si
167 248 332 289 iudicat.
371 249 430 289 H.
540 248 780 288 candidatis.
837 248 1078 289 candidatus
1113 248 1172 289 H.
1284 248 1319 288 si
1351 248 1504 288 factum
1539 248 1606 289 sit.
1661 249 1725 290 sin
1753 250 1835 291 fac-

101 320 187 355 tum
206 321 278 356 est.
305 315 361 355 H.

178 384 201 431 §
219 381 286 422 68.
341 382 385 422 id
403 382 596 423 indicare.
651 382 694 423 id
712 383 932 424 vindicare.
963 383 1022 424 H.

179 439 201 498 ἓ
223 458 286 499 70.
342 450 588 490 necessarios
607 451 845 491 candidatos
864 451 1136 492 adsectentur.
1210 452 1458 492 necessarios
1476 453 1744 493 adsectentur.
1772 453 1832 493 H.

177 518 199 565 ἓ
222 526 286 568 71.
341 516 486 568 gratia.
541 517 621 569 ipsi
639 517 828 570 denique.
884 519 1016 571 gratia
1033 518 1127 571 ipsi.
1181 519 1368 572 denique.
1393 520 1453 559 H.

179 584 199 631 ἓ
221 592 281 632 72.
337 585 680 637 adsequebantur.
738 586 920 639 adsequi.
944 586 1004 626 H.

179 650 201 698 ἓ
225 658 287 700 73.
344 664 370 690 a
408 651 669 692 multitudine
718 651 762 692 in
810 658 924 693 tuam
1006 658 1076 692 tua
1095 653 1223 693 nimia
1246 653 1474 706 diligentia,
1497 653 1624 703 Servi,
1648 652 1834 695 conlecta

1007 727 1112 762 sunt.
1139 722 1199 762 H.

96 791 203 826 sunt.

95 852 394 905 gladiatorium.
454 853 760 905 gladiatoribus.
786 855 846 895 H.

178 918 286 971 576.
345 920 542 960 rationem
596 921 822 961 officiorum
871 935 920 962 ac

98 993 342 1041 temporum,
355 989 675 1030 vicissitudinem
683 1020 764 1031 .....
787 989 860 1042 (sic
879 995 920 1030 et

99 1057 142 1097 H
161 1058 214 1098 ed
237 1058 370 1108 1872.)

173 1126 195 1173 ἓ
217 1134 280 1175 77.
335 1125 398 1164 sin
418 1124 541 1165 etiam
553 1138 645 1165 cum
664 1125 774 1165 noris
785 1129 923 1165 tamen
1001 1128 1064 1168 sin
1102 1128 1237 1178 etiam,
1282 1141 1376 1168 cum
1411 1127 1535 1178 noris,
1573 1132 1712 1168 tamen
1756 1141 1831 1181 per

96 1205 168 1245 per
194 1195 438 1233 monitorem
462 1194 699 1246 appellandi
726 1200 831 1241 sunt,
853 1208 923 1234 cur
1001 1196 1247 1236 monitorem
1264 1195 1502 1248 appellandi
1520 1201 1626 1245 sunt,
1646 1209 1717 1236 cur
1734 1202 1829 1235 ante

93 1273 244 1301 nomen
293 1262 400 1313 petis
437 1262 553 1314 quasi
601 1262 800 1301 incertum
842 1262 923 1302 sit?
1001 1264 1119 1318 petis,
1143 1277 1264 1317 quam
1284 1277 1437 1304 nomen
1455 1265 1627 1304 citavit?
1645 1269 1715 1303 aut
1730 1263 1830 1315 quid.

92 1327 205 1380 quid,
235 1329 361 1382 quod,
390 1343 483 1369 cum
510 1329 753 1378 admoneris,
783 1335 922 1369 tamen
1001 1331 1244 1378 admoneris,
1259 1331 1293 1371 si
1307 1337 1456 1380 tamen,
1475 1331 1590 1384 quasi
1603 1336 1689 1371 tute
1700 1331 1823 1379 noris,

91 1396 209 1448 quasi
233 1402 320 1436 tute
350 1397 475 1445 noris,
504 1399 563 1437 ita
594 1398 745 1438 salutas
759 1399 778 1438 ?
809 1398 921 1451 quod
999 1399 1057 1439 ita
1076 1398 1257 1438 salutas?
1274 1399 1386 1452 quid,
1410 1399 1535 1451 quod,
1558 1403 1827 1451 posteaquam

94 1470 409 1518 posteaquam...
955 1491 962 1519 ι
1073 1466 1133 1505 Η.

999 922 1156 962 ratione
1181 923 1404 963 officiorum
1432 936 1482 963 ac
1509 928 1740 976 temporum
1770 922 1828 964 vi-

1000 989 1279 1030 cissitudinem
1285 1021 1383 1031 ......
1406 991 1451 1030 Η
1474 990 1539 1042 (ex
1558 990 1701 1043 coni.).

171 1549 193 1597 ἓ
214 1557 278 1601 79.
334 1548 509 1600 speculis
529 1554 651 1602 atque
669 1549 840 1589 insidiis.
922 1548 1097 1601 speculis
1116 1554 1238 1601 atque
1257 1549 1300 1588 in
1318 1549 1489 1590 insidiis.
1520 1551 1579 1590 H.

171 1617 191 1664 ἓ
211 1617 277 1655 80.
333 1616 489 1656 usitatis
503 1617 612 1657 vitiis
631 1622 751 1657 aut...
770 1631 783 1666 ;
815 1630 913 1656 non.
969 1617 1127 1656 usitatis
1145 1618 1221 1657 viis
1240 1623 1359 1658 aut...
1380 1631 1394 1667 ;
1420 1631 1518 1659 non.
1548 1618 1609 1659 H.

171 1684 193 1731 ἓ
212 1682 277 1734 83.
334 1683 413 1723 hoc
433 1689 606 1737 ternpus.
690 1690 852 1737 tempus
870 1685 964 1725 hoc.
987 1685 1044 1725 H.

170 1751 192 1799 ἕ
213 1750 275 1800 85.
336 1750 539 1800 immanis,
564 1752 812 1805 importuna.
974 1751 1180 1801 immanis,
1199 1765 1343 1792 manus
1362 1752 1609 1805 importuna.
1640 1752 1699 1794 H.

89 1827 196 1869 quae
214 1815 238 1837 *
267 1815 291 1837 ⁴*
321 1815 345 1838 ³*
399 1819 590 1859 minatur.
1001 1833 1107 1872 quae
1125 1820 1346 1872 perniciem
1364 1821 1449 1860 iam
1467 1821 1538 1860 diu
1555 1821 1675 1860 bonis
1694 1821 1823 1862 omni-

467 1894 469 1898 '
997 1887 1074 1927 bus
1092 1887 1282 1927 minatur.
1313 1887 1374 1926 H.

169 1948 273 1999 586.
331 1952 518 2004 squalore
531 1958 571 1994 et
585 1954 773 1994 sordibus
802 1952 825 1973 ³*
855 1951 878 1973 ³*
909 1952 931 1973 '⁶
962 1952 986 1973 ἥ
1015 1954 1058 1993 in
1072 1953 1260 2006 squalore
1274 1958 1314 1993 et
1329 1953 1516 1993 sordibus
1544 1951 1568 1973 *
1597 1951 1621 1974 *
1652 1952 1675 1972 *
1704 1952 1728 1974 *
1758 1954 1816 1995 H.

169 2018 191 2066 ἓ
210 2017 275 2068 87.
330 2017 409 2059 hac
427 2032 521 2059 eum
539 2033 595 2060 re.
651 2021 728 2060 hac
748 2034 842 2060 eum
862 2033 955 2060 cum
973 2033 1030 2060 re.
1054 2021 1112 2060 H.
1306 2020 1363 2060 ita
1381 2034 1454 2060 vos
1474 2020 1508 2061 si
1528 2021 1716 2060 Murena.
1764 2020 1823 2061 ita

90 2094 163 2122 vos
195 2083 233 2123 L
264 2084 450 2126 Murena.
481 2087 542 2126 H.
703 2087 792 2138 fuit,
814 2088 865 2128 sit
872 2118 969 2130 ......
1026 2087 1115 2138 fuit,
1138 2093 1184 2128 ut
1211 2087 1263 2129 sit
1269 2119 1365 2128 ......
1399 2088 1458 2129 Η.
1621 2088 1820 2129 demissis.

89 2150 325 2191 demissioni
342 2152 483 2193 animi.
515 2153 574 2194 H.
