2054 3120
197 111 289 157 106
755 114 904 162 PRO
947 114 993 161 L
1039 115 1113 162 M
1117 113 1367 162 URENA
1526 112 1829 181 [XXXVIII
1860 115 1919 159 82

193 232 290 278 que
322 217 485 280 aliqua
515 217 717 279 ratione,
744 219 784 268 si
815 229 1032 282 possent,
1058 222 1242 280 tollere,
1268 221 1318 269 id
1354 222 1503 283 quod,
1527 221 1647 270 mihi
1674 224 1834 281 crede,
1871 231 1920 271 et

193 306 343 359 agunt
378 307 426 345 et
461 298 734 347 moliuntur.
805 299 988 358 vident,
1037 306 1273 363 quantum
1303 300 1358 360 ,in
1393 310 1441 348 te
1477 301 1538 349 sit
1571 301 1733 361 animi,
1771 318 1918 364 quan-

194 384 298 423 tum
322 374 517 439 ingenii,
539 386 779 439 quantum
803 378 1115 437 auctoritatis,
1154 388 1389 441 quantum
1423 379 1492 428 rei
1526 380 1752 442 publicae
1785 397 1919 443 prae-

194 456 332 505 sidii:
369 458 456 505 sed
493 473 605 505 cum
637 458 881 506 consulari
915 459 1203 507 auctoritate
1236 469 1285 507 et
1318 459 1498 508 auxilio
1534 461 1790 522 spoliatam
1820 461 1917 509 vim

193 535 501 583 tribuniciam
542 536 763 596 viderint,
803 546 908 585 tum
946 554 997 586 se
1038 538 1226 586 facilius
1262 538 1496 586 inermem
1528 548 1578 587 et
1612 540 1917 588 debilitatum

194 625 243 663 te
281 632 596 678 oppressuros
636 617 940 667 arbitrantur.
1013 635 1128 679 nam
1168 634 1231 666 ne
1279 618 1540 666 sufficiatur
1584 620 1768 678 consul,
1816 636 1918 668 non

193 696 395 745 timent:
436 697 605 746 vident
641 698 691 744 in
730 707 924 746 tuorum
958 708 1200 761 potestate
1239 701 1534 761 collegarum
1567 700 1683 765 tore,
1723 709 1919 760 sperant

193 775 285 823 sibi
320 776 552 835 Silanum,
578 778 760 824 clarum
785 778 956 838 virum,
988 778 1092 826 sine
1127 780 1328 840 collega,
1356 788 1405 826 te
1437 777 1541 826 sine
1573 779 1791 838 consule,
1816 794 1915 826 rem

101 859 170 905 ‚83
193 855 441 917 publicam
488 857 592 905 sine
638 857 881 919 praesidio
939 858 1069 925 obici
1116 875 1274 921 posse.
1368 858 1444 906 his
1490 857 1637 906 tantis
1676 858 1728 905 in
1773 859 1918 906 rebus

193 935 436 1001 tantisque
472 936 522 984 in
568 938 795 999 periculis
832 947 905 986 est
939 947 1093 998 tuum,
1131 941 1186 986 M
1230 941 1372 1001 Cato,
1408 937 1491 1000 qui
1524 938 1643 986 mihi
1677 954 1778 1001 non
1813 937 1917 996 tibi,

192 1018 280 1066 sed
315 1018 499 1079 patriae
533 1026 677 1066 natus
714 1034 818 1067 esse
852 1018 1045 1079 videris,
1077 1036 1084 1041 ·-
1097 1017 1280 1084 [videre
1316 1019 1434 1082 quid
1469 1017 1674 1084 agatur,]
1710 1018 1917 1068 retinere

190 1097 477 1163 adiutorem,
515 1099 837 1160 defensorem,
877 1100 1066 1148 socium
1101 1100 1152 1147 in
1186 1116 1238 1148 re
1272 1100 1484 1168 publica,
1526 1101 1779 1148 consulem
1815 1115 1915 1147 non

190 1179 442 1241 cupidum,
480 1182 748 1241 consulem,
786 1182 922 1243 quod
954 1181 1165 1236 maxime
1199 1183 1296 1230 hoc
1329 1191 1520 1245 tempus
1554 1183 1782 1244 postulat,
1828 1183 1914 1230 for-

189 1268 308 1307 tuna
336 1260 654 1308 constitutum
687 1262 752 1309 ad
782 1262 1160 1323 amplexandum
1196 1261 1364 1321 otium,
1402 1262 1603 1310 scientia
1636 1263 1702 1310 ad
1735 1263 1915 1310 bellum

187 1341 470 1402 gerendum,
495 1340 659 1389 animo
684 1350 732 1389 et
756 1358 846 1389 usu
870 1342 935 1389 ad
960 1344 1093 1404 quod
1117 1343 1236 1390 velis
1260 1343 1526 1405 negotium.

275 1433 447 1467 xxxrx.
510 1437 809 1482 quamquam
843 1421 1045 1469 huiusce
1069 1421 1138 1470 rei
1161 1431 1379 1484 potestas
1405 1423 1564 1471 omnis
1588 1421 1639 1470 in
1662 1422 1802 1471 vobis
1827 1421 1918 1471 sita

190 1508 276 1560 est,
304 1500 514 1550 iudices:
551 1511 707 1550 totam
741 1519 844 1550 rem
868 1504 1117 1565 publicam
1139 1521 1228 1552 vos
1252 1504 1302 1552 in
1326 1506 1420 1553 hac
1443 1522 1590 1553 causa
1613 1505 1803 1564 tenetis,
1828 1521 1917 1553 vos

239 1644 386 1695 agunt]
412 1643 516 1684 have
544 1644 584 1683 in
614 1645 740 1692 view;
771 1646 1010 1691 moliuntur,

1090 1645 1229 1685 before
1256 1646 1396 1685 videre.
1457 1645 1498 1686 It
1532 1658 1616 1685 was
1652 1645 1833 1684 restored
1862 1646 1919 1696 by

187 1709 253 1736 are
266 1698 453 1749 working
466 1704 508 1737 to
523 1698 651 1737 effect.
704 1699 847 1738 Cicero
862 1699 895 1737 is
910 1699 1010 1738 fond

1091 1700 1262 1750 Madvig
1281 1700 1362 1738 and
1378 1699 1515 1745 Klotz,
1535 1700 1617 1738 and
1634 1699 1668 1738 is
1686 1712 1780 1738 now
1796 1712 1917 1750 gene-

188 1751 234 1788 of
238 1750 398 1802 joining
409 1752 521 1790 these
533 1753 678 1791 words.
740 1753 942 1804 Compare
958 1753 1011 1791 ad

186 1803 270 1842 fam
291 1814 338 1842 VI
357 1807 440 1852 10§
458 1818 478 1843 2
499 1812 573 1844 etc.
632 1806 793 1857 Zumpt.

228 1857 338 1907 fore]
358 1871 400 1897 sc
418 1858 498 1905 hoc,
529 1872 581 1897 ne
600 1859 826 1909 sufficiatur
848 1859 990 1898 consul
995 1873 1008 1898 .-

186 1910 283 1961 they
310 1911 431 1950 could
458 1918 549 1963 stop
578 1912 647 1951 the
675 1912 846 1964 holding
879 1913 926 1951 of
959 1925 1012 1951 an

188 1964 361 2003 election
389 1965 443 2015 by
461 1965 567 2004 their
584 1971 677 2004 veto.
714 1965 855 2006 Halm.
890 1966 930 2004 D
945 1966 1011 2004 Iu-

189 2018 280 2056 nius
314 2017 476 2057 Silanus
508 2031 591 2057 was
628 2019 697 2058 the
730 2019 846 2058 other
870 2019 1012 2058 consul

188 2070 304 2109 elect.

241 2125 291 2173 83
342 2136 424 2162 non
443 2124 525 2172 tibi,
544 2124 614 2163 sed
619 2124 798 2174 patriae]
820 2138 1011 2176 compare

189 2176 370 2215 Lucilius
390 2177 517 2216 incert
541 2190 556 2215 1
586 2179 788 2216 commoda
806 2184 1011 2229 praeterea

180 2231 343 2282 patriai
358 2230 500 2281 prima
519 2236 681 2281 putare,
700 2231 838 2270 deinde
857 2237 1009 2282 paren-

187 2289 288 2331 tum,
311 2284 427 2322 tertia
453 2284 538 2322 iam
558 2290 831 2335 postremaque
856 2290 1004 2325 nostra.

190 2336 248 2376 So
278 2337 420 2375 Lucan
448 2346 483 2375 11
513 2339 589 2388 383
618 2350 709 2388 says
736 2337 783 2376 of
806 2337 911 2377 Cato
943 2351 1012 2376 nec

187 2390 266 2429 sibi
279 2390 348 2428 sed
360 2390 436 2428 toti
441 2391 623 2441 genitum
641 2404 680 2429 se
688 2391 837 2430 credere
847 2393 1011 2438 mundo,

188 2444 323 2482 where
348 2443 417 2482 the
436 2449 650 2482 statement
668 2443 702 2482 is
721 2444 912 2495 enlarged
931 2445 1013 2483 and

188 2496 385 2535 distorted
403 2497 458 2548 by
477 2497 576 2535 false
595 2497 780 2536 rhetoric.
842 2499 926 2537 For
943 2498 1013 2537 the

189 2549 319 2588 moral
349 2555 443 2588 tone
477 2550 524 2588 of
551 2550 619 2589 the
651 2556 814 2601 present
842 2564 1013 2602 passage

190 2615 258 2641 see
295 2601 468 2653 Lecky's
507 2603 679 2654 History
716 2603 763 2642 of
794 2604 1013 2655 European

192 2656 357 2702 Morals,
374 2655 444 2694 vol
463 2665 479 2693 1
498 2668 527 2707 p
549 2667 635 2706 255.
692 2656 826 2696 Three
848 2666 930 2695 MSS
950 2658 1010 2695 in-

190 2714 271 2748 sert
290 2722 372 2747 non
392 2708 530 2748 before
555 2709 669 2757 mihi,
699 2710 834 2748 which
863 2711 1013 2762 Zumpt

190 2768 365 2813 acceptS‚
414 2762 651 2814 comparing
687 2761 751 2802 for
785 2763 856 2802 the
896 2776 1013 2803 sense

192 2815 285 2854 thus
312 2817 433 2867 given
460 2815 513 2855 de
539 2815 597 2854 fin
625 2825 661 2854 11
689 2815 710 2862 ἓ
739 2827 803 2866 45,
834 2816 886 2855 de
914 2817 975 2855 off
995 2826 1012 2855 1

190 2870 212 2917 ἓ
234 2880 296 2908 22.
710 2876 713 2898 ῑ
800 2878 808 2883 “

244 2919 406 2972 viderit]
420 2934 550 2962 seems
565 2927 607 2962 to
625 2921 730 2963 have
741 2921 927 2976 dropped
942 2926 1014 2963 out

1091 1754 1196 1803 rally
1215 1754 1422 1804 accepted.

1144 1807 1350 1857 cupidum]
1389 1805 1589 1857 ‘greedy‚’
1627 1808 1638 1826 ‘
1654 1802 1917 1856 passionate‚'

1091 1858 1196 1898 after
1220 1859 1379 1898 honour
1407 1872 1453 1898 or
1478 1871 1639 1909 money.
1714 1859 1917 1909 Compare

1093 1925 1169 1964 pro
1195 1913 1367 1952 Fonteio
1399 1914 1420 1960 ἓ
1450 1923 1497 1950 22
1524 1912 1686 1962 cupidos
1709 1912 1919 1950 moderatis

1091 1966 1296 2017 antcjfhrre.
1335 1965 1789 2009 Almost=ambitious‚
1811 1978 1854 2003 as
1874 1965 1918 2003 in

1095 2019 1190 2057 Hor
1218 2019 1259 2057 A
1281 2019 1313 2056 P
1347 2017 1420 2068 165
1451 2018 1634 2056 sublimis
1658 2018 1911 2069 cupidusque.

1095 2072 1174 2111 See
1192 2072 1278 2111 also
1296 2071 1426 2110 above
1444 2073 1466 2119 ξ
1486 2083 1534 2121 52
1554 2071 1773 2122 cquiditate.

1133 2125 1329 2175 fortuna]
1346 2137 1534 2176 compare
1547 2137 1600 2163 on
1613 2126 1634 2172 ξ
1649 2135 1710 2175 79.
1745 2125 1918 2170 Murena

1090 2176 1127 2216 is
1147 2191 1171 2217 a
1190 2178 1421 2218 well-t0·d0
1446 2191 1554 2225 man,
1584 2178 1666 2216 and
1692 2177 1822 2216 hence
1845 2186 1917 2218 not

1092 2245 1229 2271 rerum
1249 2244 1448 2271 novarum
1462 2231 1639 2281 cupidus.

1145 2285 1321 2334 scientia]
1350 2298 1395 2324 so
1431 2285 1475 2323 in
1513 2286 1534 2332 ἓ
1565 2297 1616 2334 34
1641 2283 1795 2322 summi
1829 2296 1917 2322 con-

1091 2338 1186 2377 silii.

1145 2391 1284 2430 animo
1300 2396 1337 2431 et
1352 2390 1446 2440 usu]
1464 2390 1580 2442 spirit
1597 2389 1756 2428 backed
1774 2389 1830 2441 by
1849 2403 1916 2429 ex-

1094 2445 1294 2498 perience.

1147 2498 1255 2549 quod
1267 2497 1379 2546 velis]
1389 2515 1424 2530 =
1433 2496 1609 2548 quodvis.

1146 2551 1269 2589 xxxix
1321 2549 1585 2601 quamquam]
1603 2550 1614 2569 ‘
1625 2548 1709 2587 still
1721 2547 1730 2565 '
1746 2548 1919 2600 (though

1093 2604 1229 2654 things
1247 2603 1346 2642 look
1365 2616 1410 2641 so
1429 2602 1580 2651 black).
1637 2602 1751 2640 Here
1771 2602 1916 2640 Cicero

1094 2670 1231 2708 passes
1251 2669 1304 2695 on
1323 2662 1366 2695 to
1385 2655 1455 2695 the
1471 2655 1642 2707 epilogus
1659 2668 1706 2694 or
1714 2655 1918 2706 peroratio

1095 2710 1142 2748 of
1151 2710 1219 2749 the
1237 2708 1399 2761 speech.

1146 2765 1193 2801 in
1228 2763 1334 2801 vobis
1367 2762 1446 2801 sita
1480 2761 1551 2811 est]
1562 2767 1717 2812 :penes
1748 2773 1816 2800 vos
1846 2766 1910 2800 est.

1093 2815 1274 2857 Tischer.

1143 2868 1294 2918 tenetis]
1307 2868 1471 2909 sustain.
1498 2868 1699 2919 Compare
1716 2866 1920 2907 tenebatur

1090 2923 1112 2972 ἓ
1134 2923 1198 2973 58,
1213 2927 1322 2973 note.
