2054 3120
161 73 295 121 VIII
327 70 404 138 17]
711 72 862 122 PRO
906 73 952 121 L
996 72 1327 121 MURENA
1830 87 1892 133 43

145 166 459 244 'quamquam
496 195 587 242 ego
623 177 720 227 iarn
750 180 1001 242 putabam,
1032 178 1233 239 iudices,
1263 177 1429 227 multis
1453 177 1564 227 viris
1590 178 1795 228 fortibus
1828 195 1893 227 ne
1919 185 1979 232 1⁹7

161 261 438 324 ignobilitas
461 259 652 323 generis
678 260 965 319 obiceretur,
1008 276 1121 308 meo
1156 261 1324 309 labore
1360 276 1466 308 esse
1489 261 1773 322 perfectum,
1812 260 1898 322 qui

162 358 263 390 non
299 341 451 389 modo
496 339 670 399 Curiis,
713 341 1001 400 Catonibus,
1041 340 1302 403 Pompeiis,
1341 340 1553 402 antiquis
1578 339 1670 388 illis
1695 339 1898 389 fortissi-

162 423 254 471 mis
288 422 417 482 viris,
443 422 529 470 sed
565 421 640 470 his
675 421 969 481 recentibus,
997 411 1240 470 Mariis‘et
1265 420 1426 469 Didiis
1451 430 1500 469 et
1525 411 1719 480 Caeliis,
1767 437 1899 469 com-

164 501 497 551 memorandis
522 501 764 551 iacebant.
851 518 964 550 cum
988 518 1104 554 vero
1130 515 1221 563 ego
1246 509 1383 549 tanto
1408 500 1662 548 intervallo
1687 502 1897 548 claustra

162 582 255 632 ista
288 582 556 631 nobilitatis
591 583 908 645 refregissem,
946 591 999 629 ut
1034 581 1195 630 aditus
1230 582 1294 630 ad
1330 582 1637 629 consulatum
1674 581 1895 643 posthac,

164 663 288 712 sicut
322 665 453 726 apud
490 662 696 711 maiores
731 672 924 711 nostros
965 661 1067 720 fuit,
1121 678 1223 710 non
1264 663 1417 724 magis
1455 660 1699 709 nobilitati
1746 677 1897 723 quam

162 744 326 803 virtuti
349 754 550 808 pateret,
577 761 678 792 non
705 743 986 803 arbitrabar,
1021 759 1133 790 cum
1150 759 1219 798 >ex
1243 743 1424 794 familia
1446 753 1608 791 vetere
1634 751 1682 790 et
1706 741 1897 794 inlustri

163 826 334 874 consul
370 825 651 887 designatus
687 825 750 872 ab
786 823 961 886 equitis
998 823 1213 872 Romani
1247 823 1349 879 filio
1379 823 1580 871 consule
1616 823 1898 883 defendere-

165 913 254 959 tur,
301 905 363 952 de
403 903 592 966 generis
632 903 849 953 novitate
896 913 1205 962 accusatores
1243 919 1348 961 esse
1391 902 1620 951 dicturos.
1717 902 1898 952 etenim

164 984 283 1032 mihi
307 983 398 1047 ipsi
422 984 614 1044 accidit,
640 993 694 1033 ut
723 1001 835 1033 cum
869 985 1062 1033 duobus
1091 983 1319 1046 patriciis,
1351 985 1504 1031 altero
1537 982 1897 1044 improbissimo

165 1075 314 1128 atque
360 1065 702 1125 audacissimo,
751 1066 904 1113 altero
952 1064 1314 1113 modestissimo
1360 1073 1506 1126 atque
1545 1063 1731 1125 optimo
1777 1063 1895 1124 viro,

167 1155 379 1208 peterem
398 1162 411 1205 3
447 1145 668 1211 superavi
705 1133 1140 1207 tamendignitate
1177 1143 1454 1203 Catilinam,
1481 1144 1634 1206 gratia
1671 1145 1895 1192 Galbam.

168 1226 345 1289 quodsi
391 1225 443 1275 id
489 1225 673 1274 crimen
711 1224 899 1273 homini
935 1241 1068 1274 novo
1105 1241 1210 1273 esse
1246 1226 1461 1290 deberet,
1511 1226 1733 1287 profecto
1781 1224 1901 1272 mihi

219 1351 291 1389 viii
323 1360 382 1401 17.
450 1349 604 1399 Curiis]
626 1349 686 1389 M’
708 1349 855 1389 Curius
880 1349 993 1388 Den·
1075 1348 1284 1399 generally
1303 1347 1522 1399 compared
1550 1347 1650 1386 with
1678 1347 1760 1387 this
1788 1347 1822 1386 is
1850 1347 1903 1387 de

167 1410 286 1453 tatus,
331 1417 555 1455 conqueror
591 1403 638 1442 of
679 1403 748 1442 the
792 1403 996 1443 Samnites

169 1458 250 1497 and
296 1457 343 1496 of
390 1457 578 1508 Pyrrhus,
621 1470 706 1496 was
747 1456 887 1496 consul
926 1466 994 1495 BC

171 1523 261 1564 ‘290⁹
286 1523 374 1562 ²75,
401 1522 488 1562 274·

227 1565 459 1613 Catonibus]
488 1569 560 1603 not
589 1563 755 1613 Fore-its,
787 1576 831 1602 as
859 1563 890 1603 it
910 1577 994 1603 was

117 1638 120 1641 ·
168 1618 237 1658 the
268 1619 371 1658 Cato
409 1618 549 1669 family
577 1618 664 1657 that
698 1618 779 1656 had
814 1617 994 1657 founded

169 1673 238 1711 the
285 1672 470 1710 nobilitas
506 1671 554 1710 of
595 1671 664 1710 the
695 1685 795 1723 gens
832 1672 987 1710 Porcia.

170 1727 214 1764 M
246 1726 411 1764 Porcius
445 1725 564 1772 Cato,
601 1725 836 1764 afterwards
862 1725 993 1764 called

168 1780 426 1823 theCensor,
450 1792 532 1818 was
552 1778 691 1817 consul
713 1788 772 1817 Bc
797 1789 884 1828 195.

219 1832 433 1883 Pompeu‘s]
453 1845 519 1871 see
540 1845 590 1870 on
611 1834 632 1880 ἓ
659 1831 716 1871 16.

219 1886 442 1935 Mariis]C
485 1886 655 1930 Marius,
693 1898 924 1937 conqueror
951 1885 998 1924 of

168 1939 237 1980 the
267 1940 485 1986 Teutones,
531 1940 603 1984 &c‚
640 1952 723 1978 was
760 1939 899 1978 consul
933 1949 992 1978 BC

172 2004 258 2044 107,
289 2007 374 2043 104,
401 2005 487 2042 103,
515 2004 598 2038 102,
627 2005 713 2038 101,
740 2005 827 2041 100,
853 1991 918 2031 86.

219 2047 376 2096 Didiis]
404 2047 441 2085 T
467 2047 616 2085 Didius
641 2059 725 2086 was
755 2047 896 2086 consul
925 2056 950 2085 B
966 2057 992 2086 C

167 2102 386 2203 98k'aelizs]
424 2153 458 2193 C
495 2153 659 2194 Caelius
695 2153 860 2200 Caldus,
898 2167 994 2193 con-

167 2207 229 2247 sul
249 2217 307 2246 BC
328 2220 392 2258 94.
931 2210 934 2218 ¹

219 2275 260 2300 co
265 2275 301 2300 m
307 2260 586 2310 memorandis]
596 2262 632 2293 ὲ-
640 2261 827 2313 quamvis
850 2261 994 2300 Curios

167 2320 230 2354 etc
276 2320 634 2354 commemorarent.
698 2314 902 2366 Compare
940 2315 991 2354 de
1032 2357 1036 2361 ,

167 2368 229 2407 off
258 2378 273 2407 1
299 2369 319 2415 ἓ
345 2380 365 2417 5
393 2368 483 2419 quis
519 2373 574 2407 est
600 2368 723 2415 enim,
757 2369 830 2419 qui
865 2369 994 2406 nullis

166 2421 283 2472 officii
313 2422 530 2472 praeceptis
570 2421 774 2460 tradendis
814 2422 990 2472 philoso-

161 2475 291 2526 phum
305 2489 344 2514 se
351 2475 496 2514 audeat
505 2475 654 2514 dicere?
682 2475 854 2527 Madvig
865 2477 886 2524 ἓ
898 2490 923 2525 4
931 2473 989 2524 16,

167 2528 241 2568 obs
266 2540 303 2567 1.

219 2581 413 2630 iacebant]
437 2595 544 2621 were
574 2587 641 2633 yet
661 2582 856 2633 ignobiles,
881 2595 990 2621 com-

166 2648 263 2686 pare
291 2634 342 2674 de
367 2635 429 2674 off
453 2645 505 2674 111
536 2638 557 2684 ς
589 2647 636 2688 79
662 2649 753 2674 cum
789 2637 872 2674 iam
910 2643 990 2687 sep-

157 2689 313 2728 -timum
348 2702 510 2728 annum
541 2696 632 2740 post
657 2694 900 2740 praeturam
931 2691 989 2728 ia-

166 2747 274 2781 ceret.
331 2742 456 2781 ‘Men
493 2743 630 2782 whom
666 2750 738 2781 not
781 2756 883 2782 even
922 2743 991 2782 the

169 2794 348 2834 mention
402 2796 449 2834 of
489 2796 558 2835 the
564 2826 661 2836 ......
685 2796 806 2835 could
851 2810 990 2836 rescue

168 2848 270 2887 from
288 2848 520 2900 obscurity.’

216 2906 328 2941 tanto
333 2932 428 2942 ......
434 2901 691 2956 refregissem]
720 2902 789 2942 the
815 2916 989 2957 passage

1075 1402 1143 1452 leg
1169 1414 1288 1453 agrar
1315 1412 1348 1440 11
1378 1402 1399 1448 ἓ
1429 1415 1451 1452 3
1482 1415 1543 1440 me
1558 1402 1753 1452 perlongo
1780 1401 1902 1440 inter·

1075 1457 1182 1494 vallo
1210 1462 1336 1507 prope
1371 1456 1580 1494 memoriae
1609 1460 1907 1507 temporumque

1077 1516 1306 1548 nostrorum
1318 1509 1507 1560 primum
1527 1509 1729 1548 lzomz'nem
1751 1523 1902 1548 novum

1074 1564 1271 1602 consulem
1279 1563 1433 1614 fecistis
1456 1568 1493 1601 et
1513 1573 1603 1602 eum
1628 1564 1756 1601 locum
1786 1576 1901 1614 quem

1078 1617 1264 1655 nobilitas
1291 1616 1508 1667 praesidiis
1530 1617 1753 1668 firmatum
1786 1621 1905 1668 atque

1076 1671 1191 1722 omni
1216 1671 1371 1709 ratione
1396 1671 1640 1709 obvallatum
1666 1670 1817 1709 tenebat
1843 1684 1905 1709 me

1075 1725 1172 1763 duce
1189 1724 1394 1763 rescz'dzstzs
1411 1724 1628 1775 virtutique
1641 1725 1686 1763 iu
1697 1730 1901 1775 posterum

1071 1783 1211 1830 patere
1225 1778 1417 1816 voluistis.

1124 1832 1325 1880 claustra]
1358 1831 1422 1870 for
1458 1831 1674 1882 metaphor
1710 1844 1903 1884 compare

1077 1885 1170 1923 Plin
1190 1885 1256 1937 Ep
1275 1895 1309 1923 11
1337 1898 1382 1935 14
1405 1886 1425 1932 ἓ
1448 1902 1473 1934 4
1493 1898 1604 1923 nuuc
1622 1885 1804 1936 refractis
1822 1892 1903 1936 pu-

1074 1939 1182 1977 doris
1208 1944 1246 1978 et
1278 1939 1517 1978 reverentiae
1534 1939 1738 1990 ⁴claustris
1765 1940 1903 1978 omnia

1067 1997 1211 2043 patent
1226 1993 1419 2031 omnibus.

1128 2047 1243 2097 apud
1295 2046 1477 2095 maiores]
1526 2046 1636 2085 since
1682 2045 1759 2093 366
1811 2056 1836 2085 B
1858 2056 1897 2096 C,

1077 2113 1267 2151 compare
1288 2100 1365 2138 Liv
1384 2110 1451 2138 V11
1484 2110 1512 2138 1.
1535 2100 1716 2140 Tischer.

1128 2155 1268 2205 equitis
1286 2153 1484 2204 Rotnani]
1505 2167 1695 2205 compare
1713 2154 1794 2206 Juv
1814 2164 1901 2194 V111

1077 2218 1152 2257 237
1174 2207 1247 2246 foll
1271 2208 1337 2246 hic
1359 2221 1485 2246 novus
1505 2209 1692 2259 Arpinas
1718 2209 1902 2260 tgrnobilis

1074 2266 1109 2300 et
1128 2262 1239 2299 modo
1257 2262 1408 2300 Romae
1425 2262 1686 2312 municipalis
1702 2275 1825 2313 eques.

1129 2315 1316 2363 novitate]
1340 2315 1499 2366 generis
1524 2322 1596 2354 not
1616 2316 1792 2356 hominis
1821 2315 1900 2363 (for

1074 2368 1248 2407 Murena
1274 2382 1358 2408 was
1386 2382 1440 2408 no
1467 2369 1581 2408 lzomo
1618 2382 1757 2415 novus,
1790 2382 1901 2408 com·

1074 2434 1172 2473 pare
1195 2424 1216 2470 §
1243 2424 1319 2472 15).
1383 2422 1587 2474 Sulpicius
1612 2423 1742 2473 might
1771 2423 1900 2474 speak

1075 2475 1123 2515 of
1144 2476 1224 2515 this
1251 2477 1292 2514 in
1321 2482 1500 2515 contrast
1531 2482 1572 2515 to
1603 2476 1670 2515 the
1699 2477 1901 2529 antiquity

1074 2529 1122 2568 of
1146 2529 1208 2568 his
1237 2543 1329 2568 own
1353 2530 1505 2580 family.
1547 2530 1688 2577 Halm,
1750 2531 1900 2582 Zumpt

1074 2583 1227 2634 prefers
1252 2590 1295 2622 to
1318 2584 1414 2622 read
1441 2583 1541 2622 with
1570 2593 1629 2622 MS
1660 2584 1750 2634 Lag
1777 2596 1802 2636 9
1831 2598 1899 2623 no·

1074 2637 1232 2686 bz'litate.

1126 2690 1298 2738 duobus]
1339 2690 1402 2729 viz
1432 2690 1467 2728 L
1508 2690 1671 2741 Sergius
1701 2690 1894 2739 Catilina,

1076 2743 1107 2782 P
1131 2743 1334 2795 Sulpicius
1356 2743 1502 2783 Galba.
1556 2744 1639 2782 For
1659 2744 1727 2782 the
1746 2744 1900 2785 latter's

1073 2810 1240 2836 canvass
1256 2803 1445 2848 compare
1465 2798 1517 2836 ad
1539 2798 1722 2836 Atticum
1745 2807 1759 2835 1
1787 2809 1801 2835 1
1824 2799 1845 2846 ξ
1863 2812 1897 2839 1.

1125 2851 1188 2899 id]
1231 2851 1300 2890 the
1345 2851 1483 2891 defeat
1529 2851 1576 2889 of
1616 2863 1642 2890 a
1685 2850 1898 2903 patrician.

1071 2904 1255 2944 Tischer.
