2054 3120
193 93 252 152 73
751 88 900 142 PRO
943 95 990 142 L
1033 94 1363 143 MURENA

1658 91 1826 160 [XXV
1851 107 1876 156 5
1889 110 1907 141 1

189 199 452 258 temnebat,
478 197 743 261 Sulpicium
779 209 1111 249 accusatorem
1147 216 1284 249 suum
1323 201 1621 259 numerabat,
1658 215 1760 248 non
1784 216 1915 248 com-

187 277 473 338 petitorem:
510 279 554 326 ei
577 278 675 327 vim
707 269 1037 338 denuntiabat,
1073 279 1141 328 rei
1175 279 1399 342 publicae
1433 278 1718 328 minabatur.

103 360 164 407 50
188 357 360 418 quibus
389 360 530 414 rebus
563 358 647 421 qui
683 358 829 407 timor
861 359 1004 408 bonis
1037 359 1263 408 omnibus
1299 358 1505 408 iniectus
1540 358 1601 407 sit
1637 369 1912 421 quantaque

1789 294 1908 327 XXV.

185 439 456 501 desperatio
491 439 559 487 rei
594 439 829 501 publicae,
868 439 908 488 si
942 439 1021 488 ille
1056 441 1209 488 factus
1244 448 1384 497 esset,
1419 438 1571 486 nolite
1605 454 1635 485 a
1668 455 1747 486 me
1782 455 1912 486 corn-

183 518 371 566 moneri
402 520 553 567 velle:
589 520 778 567 vosmet
810 519 902 581 ipsi
937 519 1189 568 vobiscum
1213 517 1548 567 recordamini.

1620 517 1906 565 meministis

182 599 328 656 enim,
361 616 472 647 cum
503 599 629 647 illius
663 599 831 647 nefarii
858 599 1136 662 gladiatoris
1164 616 1309 648 voces
1341 590 1761 661 percrebruissent,
1787 614 1905 659 quas

182 679 406 727 habuisse
451 678 502 726 in
548 679 778 728 contione
826 679 1095 728 domestica
1143 679 1406 737 dicebatur,

1467 695 1579 726 cum
1624 677 1905 725 miserorum

180 759 375 806 fidelem
407 760 713 808 defensorem
744 770 969 822 negasset
1005 760 1210 809 inveniri
1244 776 1403 822 posse,
1441 758 1536 807 nisi
1560 774 1672 807 eum
1698 757 1781 819 qui
1804 757 1908 819 ipse

183 838 328 886 miser
358 850 484 888 esset
500 858 513 899 5
553 840 850 902 integrorum
882 851 931 890 et
966 843 1319 889 fortunatorum
1353 840 1602 903 promissis
1637 838 1826 887 saucios
1860 848 1909 887 et

185 919 384 968 miseros
422 921 616 987 credere
655 937 757 969 non
788 931 1042 983 oportere:
1079 938 1225 984 quare
1262 920 1346 983 qui
1381 929 1675 982 consumpta
1708 919 1906 981 replere,

182 1009 347 1062 erepta
379 1017 660 1063 recuperare
693 990 886 1060 vellent,
923 1010 1209 1063 spectarent,
1248 1001 1366 1063 quid
1400 1001 1504 1063 ipse
1539 1001 1751 1057 deberet,
1790 997 1908 1060 quid

179 1079 463 1140 possideret,
498 1080 616 1150 quid
640 1082 873 1130 auderet:
909 1081 1123 1129 minime
1146 1081 1372 1130 timidum
1407 1090 1455 1129 et
1488 1081 1630 1128 valde
1648 1074 1910 1127 calamito-

180 1174 285 1206 sum
311 1176 415 1208 esse
440 1169 663 1222 oportere
689 1178 815 1220 eum,
838 1161 922 1223 qui
945 1171 1073 1210 esset
1096 1163 1281 1209 futurus
1307 1161 1406 1207 dux
1429 1168 1477 1208 et
1501 1157 1695 1221 signifer
1718 1154 1908 1204 calami-

89 1243 153 1289 ·51
177 1243 395 1283 tosorum
415 1244 596 1283 z—tum
620 1235 774 1297 igitur,
801 1236 875 1284 his
899 1238 1043 1285 rebus
1067 1235 1257 1294 auditis,
1278 1233 1565 1283 meministis
1589 1232 1690 1281 fieri
1714 1242 1908 1280 senatus

177 1317 453 1364 consultum
476 1317 710 1366 referente
734 1333 828 1375 me,
859 1332 922 1364 ne
956 1325 1152 1379 postero
1183 1315 1262 1363 die
1294 1313 1491 1362 comitia
1517 1314 1823 1370 haberentur,
1854 1321 1908 1360 ut

177 1397 240 1444 de
271 1395 345 1444 his
380 1398 525 1444 rebus
560 1395 611 1443 in
649 1405 819 1444 senatu
847 1412 989 1458 agere
1021 1411 1292 1458 possemus.

1363 1393 1528 1455 itaque
1556 1391 1789 1455 postridie
1820 1393 1909 1440 fre-

177 1475 347 1537 quenti
371 1485 542 1524 senatu
568 1476 830 1525 Catilinam
854 1475 1059 1540 excitavi
1091 1485 1237 1537 atque
1273 1491 1385 1523 eum
1414 1475 1476 1522 de
1503 1472 1579 1521 his
1606 1474 1750 1521 rebus
1773 1470 1904 1530 iussi,

176 1554 217 1603 si
241 1554 360 1616 quid
382 1556 539 1616 vellet,
566 1554 691 1617 quae
715 1556 778 1603 ad
802 1572 881 1604 me
905 1557 1096 1604 adlatae
1121 1563 1294 1613 essent,
1321 1554 1495 1603 dicere.

1566 1562 1712 1615 atque
1736 1553 1831 1607 ille,
1854 1562 1907 1601 ut

175 1648 367 1694 semper
387 1632 476 1681 fuit
498 1632 840 1695 apertissimus,
875 1649 978 1681 non
1014 1632 1334 1695 sevpurgavit,
1371 1633 1459 1681 sed
1493 1631 1724 1680 indica‘vit
1760 1642 1906 1695 atque

175 1710 347 1760 induit.

227 1845 481 1894 numerabat]
508 1858 554 1884 so
585 1845 637 1884 ad
668 1845 744 1884 Att
772 1855 839 1883 V11
870 1858 886 1884 1
917 1846 938 1893 ἓ
976 1856 998 1894 3

173 1911 234 1936 me
250 1903 409 1949 uterque
426 1905 615 1938 numerat
630 1911 766 1937 suum.

223 1952 276 1999 ei]
295 1952 479 2004 Sulpicia

166 2056 201 2105 fi
221 2018 302 2043 xxv
361 2016 412 2051 50
447 2005 608 2056 factus]
649 2017 694 2044 so
728 2005 871 2057 factus
917 2004 1000 2043 and

199 2063 284 2104 ant,
308 2059 329 2106 ἓ
353 2058 412 2096 18.

225 2111 343 2150 nolite
358 2111 470 2160 velle]
490 2116 562 2150 not
588 2124 689 2157 rare,
716 2111 791 2150 but
820 2111 997 2150 remark-

171 2165 273 2212 able,
308 2177 497 2216 compare
527 2178 602 2216 pro
629 2165 810 2212 Caelio§
834 2174 895 2217 79,
922 2178 998 2216 pro

170 2217 301 2256 Balbo
320 2220 341 2266 ξ
359 2216 424 2266 64,
441 2218 534 2256 Phil
553 2228 618 2256 V11
631 2219 726 2267 §25
762 2218 891 2256 Halm
906 2218 1000 2257 well

169 2271 306 2322 points
325 2277 395 2310 out
413 2271 502 2311 that
522 2285 571 2310 ne
586 2271 790 2310 volueritis
807 2284 936 2311 seems
955 2278 999 2310 to

169 2325 220 2363 be
238 2324 424 2364 avoided.

222 2383 367 2416 vosmet
394 2378 472 2429 ipsi
502 2378 583 2427 etc]
617 2391 810 2430 compare
837 2378 930 2416 Phil
962 2387 999 2416 11

168 2432 190 2479 ἓ
207 2444 239 2480 1,
258 2444 333 2482 pro
354 2431 496 2470 Caelio
515 2432 534 2478 ἓ
553 2444 617 2481 43.

223 2484 474 2533 meministis]
511 2485 544 2523 it
580 2487 614 2523 is
646 2484 795 2535 caught
825 2497 883 2536 up
916 2485 998 2524 and

169 2537 237 2576 the
257 2537 390 2587 object
410 2538 623 2589 expressed
645 2538 759 2590 (fieri
774 2551 794 2576 s
811 2539 846 2587 c)
867 2538 909 2576 in
928 2538 997 2578 the

167 2597 262 2630 next
282 2591 448 2630 section.

220 2644 410 2693 contione]
430 2644 473 2682 in
493 2642 517 2682 6
522 2656 543 2694 3
564 2653 637 2682 BC.
682 2644 791 2683 That
806 2644 927 2694 given
939 2644 996 2696 by

168 2696 255 2737 Sall
277 2697 353 2736 Cat
374 2709 424 2736 20
442 2710 525 2736 was
544 2697 587 2735 in
606 2696 671 2745 64.
719 2698 881 2748 Zumpt.

220 2750 485 2800 integrorum]
501 2751 684 2801 opposed
704 2756 746 2789 to
764 2751 928 2789 saucios.
983 2778 985 2780 -

217 2804 376 2854 replere]
415 2803 563 2843 Sulla’s
591 2810 787 2842 veterans.
844 2810 994 2855 recupe-

167 2869 272 2904 rare,
297 2856 366 2895 the
387 2857 548 2895 Marian
565 2864 695 2908 party.
734 2857 877 2895 Halm.

219 2909 322 2962 quid
353 2910 434 2962 z'lbse
466 2909 628 2959 deberet]
669 2909 764 2949 ‘the
796 2910 915 2950 debts
951 2910 1000 2950 of

419 1721 524 1761 turn
560 1712 692 1761 enim
721 1712 842 1761 dixit‘
871 1714 970 1761 duo
995 1728 1199 1774 corpora
1233 1728 1338 1760 esse
1373 1711 1442 1760 rei
1476 1711 1716 1774 publicae,
1751 1728 1905 1760 unum

1078 1843 1251 1892 himself,
1271 1844 1379 1883 their
1396 1843 1653 1895 ringleade1·.’

1137 1907 1181 1947 51
1230 1904 1391 1936 senatus
1406 1898 1651 1946 consultum]
1670 1910 1724 1935 on
1743 1910 1767 1935 a
1786 1898 1814 1936 d
1833 1908 1904 1937 X11

1082 1951 1165 1990 Kal
1184 1951 1399 1999 Nov'(Oct
1421 1951 1500 1999 20),
1524 1951 1695 1990 in.Catil
1715 1961 1730 1988 1
1745 1953 1765 1999 ξ
1782 1962 1817 2001 7.

1133 2004 1420 2055 apertissimus]
1448 2003 1491 2042 in
1518 2004 1600 2043 bad
1628 2017 1753 2051 sense,
1781 2009 1791 2026 ‘
1807 2018 1903 2044 una·

1080 2058 1235 2097 bashed
1272 2070 1316 2096 as
1352 2057 1475 2104 ever‚'
1510 2070 1699 2109 compare
1738 2058 1830 2096 Phil
1867 2068 1902 2096 11

1080 2113 1101 2159 ἓ
1134 2125 1177 2150 11
1190 2123 1203 2148 1
1244 2110 1547 2149 disertissimum
1582 2112 1747 2161 cognovi
1779 2125 1903 2150 avum

1080 2170 1211 2212 tuum,
1243 2169 1288 2203 at
1316 2170 1353 2203 te
1369 2163 1487 2203 etiam
1514 2165 1747 2215 apertiorem
1774 2164 1820 2203 in
1843 2165 1902 2204 di-

1076 2218 1204 2257 cende.

1134 2270 1345 2319 indicavit]
1372 2270 1517 2309 turned
1535 2270 1727 2309 evidence
1746 2271 1903 2322 against

1080 2324 1254 2363 himself.
1313 2324 1392 2364 See
1411 2325 1541 2363 above
1560 2337 1614 2362 on
1632 2326 1652 2371 ἓ
1673 2337 1739 2372 4²·

1134 2375 1288 2428 induit]
1334 2390 1377 2417 sc
1422 2378 1468 2416 in
1503 2378 1670 2427 laqueos.
1753 2377 1901 2429 Zumpt

1081 2444 1292 2482 compares
1357 2440 1394 2469 11
1425 2431 1467 2469 in
1505 2431 1608 2468 Verr
1644 2439 1675 2468 v
1711 2431 1732 2478 ἕ
1772 2441 1821 2481 73
1859 2437 1903 2469 at

1079 2484 1410 2536 quemadmodum
1445 2483 1528 2535 ipse
1551 2496 1590 2521 se
1614 2483 1750 2522 induit
1764 2484 1904 2535 priore

1079 2537 1256 2576 actione!
1291 2539 1312 2586 ξ
1345 2535 1420 2575 166
1457 2550 1532 2575 sua
1567 2537 1802 2587 confi’ssione
1836 2537 1899 2576 in-

1078 2591 1235 2629 (luatur
1262 2603 1309 2628 ac
1343 2589 1549 2640 iuguletur
1583 2603 1723 2628 necesse
1754 2595 1818 2637 est,
1865 2600 1899 2629 11

1081 2645 1102 2691 ξ
1139 2642 1212 2682 106
1239 2644 1362 2682 videte
1395 2648 1453 2691 ut,
1487 2643 1586 2681 dum
1617 2643 1795 2694 expedire
1826 2656 1903 2683 sese

1078 2698 1180 2743 vult,
1204 2697 1362 2735 induat.

1130 2749 1280 2798 unum]
1307 2749 1377 2788 the
1407 2732 1624 2788 senatorial
1653 2754 1783 2800 party.
1833 2749 1896 2788 in-

1073 2803 1194 2850 firmo
1219 2802 1353 2853 capite,
1383 2815 1426 2841 sc
1454 2802 1523 2841 the
1551 2803 1723 2850 consuls,
1746 2802 1827 2841 and
1853 2802 1897 2841 in

1074 2856 1292 2924 particular
1351 2855 1506 2895 Cicero.
1589 2857 1773 2903 alterum,
1826 2855 1897 2896 the

1079 2907 1264 2962 ‘people'
1267 2922 1285 2948 s
1304 2908 1450 2961 party,'
1472 2921 1518 2948 or
1539 2907 1822 2960 ‘oppositionss

2038 3100 2051 3120 h
2023 2847 2054 3093 ½.(7mnu
2050 2833 2054 2841 -
2043 2811 2054 2821 κ
