2054 3120
206 108 298 154 108
767 105 916 154 PRO
959 106 1005 153 L
1049 106 1123 153 Μ
1126 105 1377 154 URENA
1593 101 1842 169 [XXXIX
1865 103 1928 159 84

202 211 397 260 cinium
419 220 631 260 armatus
667 211 924 274 opprimat,
963 228 1055 274 ego
1089 220 1303 274 togatus,
1325 209 1467 259 vobis
1502 209 1747 272 bonisque
1775 207 1930 258 omni-

202 291 294 339 bus
325 271 643 351 adiutoribus,
675 292 784 350 hoe,
816 291 952 352 quod
980 300 1279 366 conceptum
1310 307 1388 339 res
1419 289 1619 353 publica
1658 289 1928 352 periculum

122 377 182 424 85
202 371 417 432 parturit,
455 370 660 419 consilio
692 371 951 431 discutiam
981 381 1029 420 et
1060 371 1410 433 comprimam!
1478 372 1566 420 sed
1589 370 1707 434 quid
1730 372 1928 420 tandem

201 453 298 511 fiet,
346 451 388 500 si
432 453 556 499 haec
601 453 768 514 elapsa
802 452 865 500 de
900 451 1128 499 manibus
1162 436 1340 499 nostris
1374 451 1425 499 in
1462 467 1574 498 eum
1606 467 1806 511 annum,
1847 450 1930 513 qui

202 532 530 594 consequitur,
565 532 923 581 redundarint?
989 549 1116 580 unus
1163 531 1203 580 si
1241 533 1332 581 erit
1377 534 1550 581 consul
1586 541 1635 581 et
1669 532 1710 580 is
1743 549 1846 596 non
1878 532 1929 580 in

201 613 590 662 administrando
636 614 769 665 bello
816 613 904 661 sed
962 611 1012 660 in
1067 612 1355 661 sufficiendo
1402 614 1592 675 collega
1647 621 1928 675 occupatus,

199 694 324 740 haec
359 692 457 740 iam
495 692 579 754 qui
624 691 903 755 impedituri
949 692 1084 741 sint?
1123 709 1151 737 ae
1184 711 1212 738 >k
1250 712 1277 739 ae
1316 712 1344 739 >te
1383 691 1467 740 illa
1511 691 1662 754 pestis
1706 690 1931 738 immanis

200 771 481 834 importuna
505 771 745 821 Catilinae
768 758 1066 835 prorumpet,
1093 789 1239 835 quae
1260 790 1288 817 ³1<
1321 791 1349 818 >te
1388 791 1416 818 ae
1454 772 1695 820 minatur:
1719 771 1770 819 in
1793 788 1932 861 agros

139 855 146 870 ⁴·
201 855 508 902 suburbanos
552 863 771 919 repente
801 854 1085 922 advolabit·
1071 892 1085 914 ,
1130 853 1403 902 versabitur
1447 853 1499 901 in
1545 855 1659 901 arbe
1700 854 1845 911 furor,
1881 852 1932 901 in

202 933 334 980 curia
367 932 524 991 timor,
561 932 612 980 in
647 934 753 982 foro
786 932 1076 993 coniuratio,
1111 933 1163 980 in
1198 949 1374 995 campo
1411 932 1664 991 exercitus,
1713 931 1764 979 in
1808 931 1933 997 agris

201 1012 431 1073 vastita53
476 1013 612 1061 omni
648 1023 813 1062 autem
848 1014 919 1061 in
935 1015 1053 1062 sede
1099 1030 1159 1061 ac
1204 1015 1318 1061 loco
1363 1014 1542 1061 ferrum
1588 1013 1959 1073 flammamquex

202 1099 491 1152 metuemus,
527 1109 653 1155 quae
678 1093 777 1153 iam
801 1093 886 1147 diu
910 1094 1268 1155 comparantur.
1340 1094 1516 1141 eadem
1550 1092 1644 1140 ista
1677 1091 1856 1150 omnia,
1894 1091 1934 1139 si

201 1181 374 1219 ornata
408 1172 507 1221 suis
542 1172 795 1235 praesidiis
831 1172 919 1221 erit
953 1190 1028 1221 res
1063 1173 1275 1236 publica,
1307 1172 1449 1220 facile
1484 1180 1533 1220 et
1546 1172 1933 1248 magistratuum

202 1246 418 1301 consiliis
443 1264 491 1301 et
514 1252 808 1315 privatorum
837 1252 1090 1315 diligentia
1114 1253 1512 1315 comprimentur.

123 1342 183 1389 86
301 1349 382 1383 XL.
445 1350 572 1396 quae
596 1350 707 1382 cum
732 1333 801 1381 ita
825 1333 939 1393 sint,
965 1333 1169 1392 iudices,
1194 1333 1406 1396 primum
1429 1333 1498 1381 rei
1522 1332 1747 1395 publicae
1770 1349 1932 1392 causa,

202 1431 301 1477 qua
335 1417 470 1464 nulla
500 1431 577 1464 res
612 1414 843 1478 cuiquam
872 1415 1035 1477 potior
1058 1417 1209 1464 debet
1239 1431 1360 1473 esse,
1387 1431 1475 1462 vos
1499 1430 1588 1476 pro
1612 1430 1723 1462 mea
1745 1430 1935 1462 summa

203 1504 252 1543 et
274 1495 414 1543 vobis
439 1495 637 1558 cognita
659 1495 710 1542 in
734 1512 786 1543 re
810 1495 1010 1557 publica
1034 1495 1287 1558 diligentia
1310 1512 1506 1555 moneo,
1537 1511 1626 1558 pro
1649 1495 1934 1567 auctoritate

203 1575 445 1623 consulari
480 1568 662 1635 hortor,
696 1591 784 1637 pro
809 1560 1148 1638 magnitudirie
1172 1574 1375 1637 periculi
1399 1576 1631 1638 obtestor,
1661 1583 1715 1622 ut
1739 1573 1856 1639 otio,
1880 1582 1935 1620 ut

201 1654 327 1717 paci,
373 1664 428 1703 ut
473 1654 632 1715 saluti,
680 1664 734 1703 ut
769 1654 897 1703 vitae
932 1664 1123 1704 vestrae
1159 1664 1208 1703 et
1242 1664 1516 1703 ceterorum
1550 1654 1729 1703 civium
1763 1670 1935 1703 consu-

207 1735 317 1783 latis
337 1753 346 1782 :
382 1734 562 1783 deinde
588 1751 680 1797 ego
704 1734 838 1783 idem
861 1751 949 1783 vos
975 1735 1243 1784 defensoris
1269 1743 1317 1783 et
1339 1734 1484 1782 amici
1508 1734 1668 1783 officio
1692 1734 1934 1790 adductus

208 1831 294 1864 oro
340 1824 487 1877 atque
535 1816 756 1873 obsecro,
806 1815 1008 1876 iudices,
1057 1824 1111 1863 ut
1155 1832 1220 1864 ne
1264 1814 1475 1863 hominis
1520 1814 1683 1863 miseri
1729 1824 1778 1863 et
1823 1831 1934 1862 cum

259 1957 535 2006 latrocinium]
572 1958 583 1977 ‘
600 1957 708 1996 band
736 1956 784 1996 of
816 1956 1038 2007 brigands.'
1110 1955 1673 2008 veryplausiblyconjectures
1685 1955 1774 1995 that
1789 1969 1937 1994 manus

209 2011 416 2062 Compare
441 2011 484 2049 in
513 2010 623 2050 Catil
653 2020 669 2048 1
694 2012 714 2057 ξ
743 2023 787 2060 31
821 2011 962 2061 quodsi
988 2023 1038 2050 ex
1112 2010 1187 2049 has
1216 2011 1320 2048 been
1346 2009 1438 2049 lost,
1496 2010 1701 2061 Compare
1734 2022 1809 2061 pro
1844 2010 1936 2049 Sest

208 2070 319 2103 tanto
337 2064 546 2103 latrocinio
564 2064 633 2102 iste
650 2077 758 2102 unus
776 2065 950 2101 tolletur.
1112 2065 1134 2112 ξ
1153 2076 1202 2111 4²
1226 2063 1426 2102 Catilinae
1441 2064 1714 2113 importunam
1735 2076 1921 2101 manum.

259 2117 458 2168 togatus]
449 2131 491 2156 1n
509 2130 534 2156 a
556 2117 720 2156 civilian
744 2117 939 2168 capacity,
961 2130 1033 2169 op-
1158 2117 1412 2168 prorumpet]
1457 2116 1562 2155 from
1602 2117 1671 2155 the
1710 2129 1855 2168 gorges
1895 2116 1942 2156 os

207 2172 338 2224 posed
355 2177 397 2211 to
415 2176 614 2210 armatus.
1111 2170 1181 2210 the
1202 2170 1452 2221 Apennines.
1506 2169 1647 2208 Halm.

251 2225 497 2276 periculum]
516 2223 596 2263 this
615 2223 757 2263 word
747 2236 781 2262 1s
795 2223 966 2263 omitted
979 2223 1036 2274 by
1164 2225 1211 2263 in
1230 2224 1340 2272 urbe]
1366 2223 1436 2262 the
1457 2233 1538 2262 MSS
1557 2236 1625 2262 are
1642 2223 1738 2262 here
1757 2223 1843 2262 also
1862 2223 1935 2261 im·

207 2289 268 2318 MS
289 2279 378 2329 Lag
395 2290 434 2330 9.
1112 2277 1277 2329 perfect.
1340 2277 1452 2317 Most
1467 2277 1564 2315 read
1582 2277 1732 2325 castris,
1749 2277 1912 2315 which
1902 2290 1936 2314 1s

251 2331 456 2383 parturit]
475 2343 663 2382 compare
684 2330 777 2369 Phil
797 2339 834 2368 11
853 2332 874 2378 ἓ
898 2332 972 2370 118
991 2335 1040 2369 ut
1113 2330 1315 2383 probably
1341 2331 1530 2382 supplied
1558 2330 1662 2368 from
1691 2329 1930 2380 conjecture,

205 2386 425 2436 aliquando
460 2385 573 2423 dolor
588 2384 735 2435 populi
757 2385 938 2423 Romani
958 2390 1036 2436 pa·
1114 2385 1196 2423 and
1222 2397 1300 2423 one
1323 2384 1398 2422 has
1424 2384 1577 2422 rostrzk.
1644 2383 1664 2421 Ι
1684 2382 1788 2421 have
1814 2384 1937 2422 taken

206 2439 301 2486 riat,
324 2439 431 2490 quod
444 2438 599 2477 iamdiu
608 2438 808 2488 parturit.
1117 2438 1259 2477 Halm’
1261 2451 1279 2476 s
1299 2437 1558 2476 emendation
1576 2436 1879 2488 provisionally.

263 2494 311 2542 85
367 2491 654 2540 redundarint]
693 2504 768 2529 run
803 2503 901 2530 over
932 2491 1032 2530 into.
1167 2491 1349 2539 vastitas]
1374 2489 1652 2537 ‘desolationss
1673 2502 1717 2528 as
1736 2490 1863 2528 usual.

209 2546 293 2585 For
310 2545 524 2597 metaphor
538 2557 729 2596 compare
749 2545 789 2583 N
794 2545 936 2596 {igelsb
955 2544 1035 2585 Stil
1166 2544 1266 2593 suis]
1302 2546 1313 2564 ‘
1327 2543 1427 2584 with
1462 2544 1514 2582 its
1546 2556 1695 2595 proper
1726 2556 1866 2582 means
1894 2542 1942 2582 of

212 2612 301 2651 13²·
1115 2597 1310 2637 defence.’
1366 2597 1547 2636 Tischer.

260 2652 418 2702 collega]
437 2657 480 2691 to
499 2651 594 2690 take
613 2650 821 2690 Murena’s
838 2650 969 2702 place.
1168 2651 1210 2689 xl
1271 2649 1323 2690 86
1385 2650 1935 2699 moneo—hortor—obtestor]

260 2706 362 2754 sint]
383 2706 404 2744 I
424 2706 529 2744 have
548 2705 644 2743 here
665 2704 784 2753 (after
809 2705 955 2753 Halm)
971 2717 1032 2743 re-
1115 2704 1276 2743 climax.
1339 2704 1350 2723 ‘
1363 2702 1562 2742 warn'—-‘
1571 2717 1668 2754 urge
1680 2701 1756 2732 '—-‘
1767 2704 1918 2753 ¹idjure
1926 2703 1934 2710 '

208 2760 353 2799 turned
373 2765 415 2798 to
434 2758 503 2797 the
519 2767 577 2796 MS
594 2758 776 2808 reading.
833 2757 1032 2797 Alacuna
1164 2763 1212 2796 ut
1236 2757 1301 2806 ne]
1329 2762 1378 2795 ut
1401 2769 1608 2808 expresses
1635 2756 1705 2796 the
1731 2755 1903 2808 object
1891 2770 1934 2795 m

207 2812 378 2860 follows,
414 2812 495 2851 and
522 2811 592 2850 the
618 2811 752 2850 words
777 2817 820 2850 to
849 2811 1038 2850 minatur
1112 2811 1288 2902 gengral,
1325 2823 1376 2849 ne
1407 2810 1477 2849 the
1501 2811 1704 2861 negation.
1765 2810 1935 2863 Madvig

206 2879 279 2906 are.
293 2865 475 2905 likewise
493 2864 716 2915 imperfect.
1112 2866 1132 2912 ξ
1144 2862 1234 2914 456.

261 2919 473 2969 immanis]
505 2917 608 2958 after
640 2918 721 2957 this
751 2917 866 2957 word
899 2916 1030 2957 Halm

2042 0 2054 449 .--ῃ--ψ--ότ-Ξι-’ῌΫ
