2054 3120
136 142 312 192 XXIX
336 137 420 207 61]
686 140 836 189 PRO
880 139 926 187 I,
971 138 1304 188 MURENA
1808 139 1867 199 85

134 252 291 318 inquit
325 251 404 300 ille
439 248 700 299 fortissimo
734 249 837 299 viro
884 248 1046 298 senior
1091 247 1332 311 magister,
1382 245 1483 297 sed
1528 261 1735 309 peccas
1755 263 1769 307 3
1817 256 1871 295 te

133 348 328 396 regere
374 346 624 394 possum.
691 339 740 379 at
776 346 866 393 ego
901 328 1152 378 verissime
1187 326 1392 375 dixerim
1426 342 1631 390 peccare
1666 336 1714 374 te
1750 325 1872 373 nihil

134 429 294 476 neque
336 414 433 461 ulla
472 411 523 459 in
563 428 614 460 re
652 420 701 460 te
738 428 844 460 esse
883 409 1027 458 huius
1069 408 1220 468 modi,
1261 418 1331 474 ut
1355 407 1668 478 corrigendus
1707 406 1870 470 potius

133 509 280 556 quam
328 493 496 542 leviter
532 491 855 541 inflectendus
896 507 1002 540 esse
1039 486 1296 547 videare]
1319 488 1459 537 finxit
1502 487 1634 537 enim
1675 498 1724 537 te
1766 487 1870 551 ipsa

132 585 303 625 natura
343 576 405 623 ad
443 575 764 633 honestatem,
806 572 1107 635 gravitatem,
1147 564 1536 633 temperantiam,
1576 569 1870 632 magnitudi-

131 673 247 706 nem
293 654 460 714 animi,
508 644 754 714 iustitiam,
794 655 859 703 ad
896 669 1066 721 omnes
1108 651 1323 714 denique
1367 650 1567 700 virtutes
1615 649 1868 716 [magnum

131 736 383 786 hominem
420 745 468 784 et
506 732 784 799 excelsum}
856 733 1060 783 accessit
1087 733 1174 790 >his
1213 732 1436 782 doctrina
1472 748 1575 797 non
1614 733 1870 781 moderata

131 833 223 865 nec
247 815 392 875 mitis,
419 815 518 872 sed,
546 822 599 862 ut
623 813 742 861 mihi
765 812 972 873 videtur,
1002 813 1148 874 paulo
1173 811 1387 874 asperior
1423 819 1471 859 et
1504 810 1682 870 durior,
1721 826 1870 872 quam

132 895 306 943 veritas
343 903 428 943 aut
464 903 637 942 natura
675 891 868 955 patitur.
941 901 989 940 et
1030 890 1267 954 quoniam
1307 906 1409 938 non
1451 900 1524 938 est
1563 888 1707 938 nobis
1749 890 1871 937 haec
1894 897 1951 943 61

133 974 287 1023 oratio
325 975 554 1022 habenda
588 974 721 1036 apud
762 971 1038 1035 imperitam
1078 970 1447 1020 multitudinem
1484 979 1567 1018 aut
1613 969 1663 1017 in
1703 968 1870 1032 aliquo

132 1110 291 1152 debeant
315 1105 471 1161 quaerit
495 1114 530 1147 et
557 1107 762 1160 praecipit,
794 1108 863 1147 hoc
888 1113 954 1156 est,

131 1163 363 1214 conformat.
443 1166 452 1183 ‘
469 1163 573 1201 Give
609 1175 690 1213 you
727 1174 839 1201 some
872 1161 959 1200 rule

133 1225 176 1256 to
195 1217 353 1256 fashion
373 1216 555 1267 yourself
568 1215 649 1266 by.'

186 1270 336 1322 inquit]
361 1271 371 1289 ‘
387 1283 477 1321 says
497 1273 538 1307 in
558 1269 626 1308 the
641 1268 763 1320 play.’
803 1268 842 1307 A
859 1281 957 1320 quo·

133 1324 263 1363 tation
281 1323 385 1362 from
406 1336 517 1362 some
536 1323 606 1362 old
626 1324 780 1361 drama.

186 1377 385 1428 magister]
435 1377 618 1416 Phoenix
665 1382 708 1415 to
756 1375 952 1414 Achilles.

134 1430 264 1481 Quint
278 1440 363 1469 VIII
385 1429 410 1470 6
428 1431 470 1479 ἓξ
486 1442 549 1482 29,
574 1441 623 1477 30
641 1431 683 1467 in
703 1430 902 1480 speaking
916 1428 963 1468 of

132 1485 424 1532 antonomasia,
440 1497 540 1535 quae
549 1483 707 1534 aliquid
705 1489 785 1534 pro
799 1484 961 1522 nomine

127 1538 255 1589 ponit,
291 1545 434 1589 quotes
465 1537 544 1576 this
580 1549 762 1588 passage,
805 1537 958 1588 adding

133 1596 322 1630 neutrum
353 1594 463 1630 enim
490 1604 635 1629 nomen
662 1596 718 1629 est
727 1591 905 1642 positum
924 1596 960 1630 et

133 1651 350 1695 utrumque
365 1645 614 1695 intelligitur.

108 1703 112 1708 '
177 1698 505 1749 peccas...re5rere]
561 1702 631 1736 the
670 1697 886 1748 quotation
922 1697 956 1736 is

132 1751 279 1802 wittily
328 1751 490 1798 chosen,
545 1751 794 1802 embodying
844 1764 956 1790 some

133 1811 227 1844 cant
245 1811 368 1844 terms
388 1804 434 1844 of
452 1805 521 1843 the
543 1804 686 1843 Stoics.
743 1809 891 1843 rectum
911 1822 948 1837 =

134 1859 380 1908 κατόρθωμα,
405 1871 472 1897 see
501 1858 595 1904 on§
618 1869 651 1905 3.
695 1862 949 1910 peccatum:

134 1912 360 1962 ἁμάρτημα,
381 1924 447 1950 see
475 1924 529 1950 on
559 1913 580 1959 ἓ
615 1910 679 1950 62.
737 1911 854 1950 With
888 1911 958 1950 the

132 1978 303 2017 passage
339 1965 382 2003 in
418 1965 583 2016 general
620 1978 811 2016 compare
847 1974 882 2003 ΙΙ
915 1965 955 2002 in

133 2019 304 2058 Verrem
325 2028 376 2057 ΙΙΙ
396 2020 417 2067 ἓ
439 2032 459 2057 2
480 2019 554 2069 qui
577 2018 652 2057 sibi
677 2019 748 2057 boc
770 2018 953 2069 sumpsit,

133 2078 180 2111 ut
196 2072 370 2123 corrigat
395 2085 518 2111 mores
535 2073 710 2111 aliorum
737 2085 784 2110 ac
799 2077 958 2123 peccata

134 2126 396 2177 reprehendat.

185 2179 454 2230 corrigendus]
504 2184 548 2219 to
584 2179 742 2230 require
785 2180 796 2198 ‘
810 2179 959 2230 setting

134 2231 332 2284 straight.'
387 2233 428 2271 A
456 2239 596 2283 strong
617 2234 742 2280 word,
767 2245 959 2284 compare

134 2287 187 2326 de
214 2286 270 2325 fin
288 2288 354 2335 }§
379 2295 440 2336 17.
464 2287 533 2336 [In
559 2286 650 2325 Phil
676 2296 711 2325 11
741 2287 761 2333 ἓ
790 2297 851 2335 43,
882 2299 958 2337 pro

135 2339 267 2379 Balbo
311 2341 332 2388 ἕ
380 2353 442 2389 20,
486 2341 579 2378 Hor
615 2340 710 2391 Epp
749 2349 765 2378 1
808 2351 854 2389 15
895 2350 957 2390 37,

133 2398 322 2433 corrector
337 2393 371 2433 is
389 2393 649 2445 particularly
668 2393 903 2442 invidious.]

188 2446 458 2498 inflectendus]
479 2461 503 2486 a
522 2448 640 2486 much
662 2446 809 2486 milder
827 2446 952 2486 word.

137 2500 287 2552 Zumpt
320 2503 415 2542 well
451 2514 661 2552 compares
699 2501 751 2540 de
788 2501 902 2539 divin
940 2510 956 2546 ΙΙ

139 2554 162 2601 §
189 2564 250 2602 30,
273 2553 409 2592 leviter
433 2567 459 2593 a
485 2567 642 2593 summo
668 2554 864 2604 inflexum
893 2554 958 2592 ba-

121 2606 288 2654 cillum,
312 2607 430 2647 ‘with
448 2620 474 2646 a
491 2607 614 2659 slight
632 2608 752 2647 bend.
761 2607 770 2624 ’

179 2659 329 2711 finxit]
365 2673 412 2700 so
443 2661 494 2700 de
529 2667 616 2700 orat
652 2671 684 2700 11
719 2664 740 2710 ξ
771 2673 848 2713 2¹9
884 2675 958 2700 na-

138 2718 234 2751 tura
276 2713 382 2752 enim
406 2714 498 2766 fin0
485 2716 538 2754 ‹rit
573 2715 749 2754 homines
784 2721 819 2754 et
856 2720 962 2754 creat

139 2765 364 2805 imitatores.

192 2818 268 2868 ad]
296 2818 408 2868 ‘for‚'
431 2820 442 2840 ‘
457 2820 555 2860 with
574 2834 599 2860 a
614 2821 719 2861 view
739 2821 811 2869 to‚’
829 2821 960 2860 moral

139 2872 374 2920 worth‚etc.
431 2873 471 2912 It
502 2887 599 2926 goes
635 2875 735 2914 with
763 2888 960 2926 magnum

140 2934 217 2974 etc,
239 2938 429 2977 compare
449 2928 470 2974 ἓ
490 2926 555 2967 66.
611 2928 631 2967 Ι
659 2941 726 2968 see
745 2941 799 2967 no
819 2941 962 2967 reason

139 2979 204 3022 to‘r
237 2978 428 3032 thinking
457 2991 654 3032 magnum
693 2981 891 3021 hominem
927 2988 965 3022 et

1039 1107 1228 1146 excelsum
1248 1106 1447 1159 spurious.

1093 1160 1291 1209 doctrina]
1305 1161 1373 1199 the
1392 1160 1582 1211 teaching
1601 1159 1649 1199 of
1665 1173 1690 1199 a
1709 1159 1863 1199 school.

1045 1215 1108 1253 ‘A
1128 1219 1189 1254 set
1208 1214 1255 1254 os
1277 1214 1434 1254 tenets.’
1467 1237 1476 1241 ,
1496 1215 1606 1253 ‘The
1631 1215 1750 1253 creed
1776 1214 1822 1253 of
1843 1227 1869 1254 a

1040 1274 1135 1308 sect.
1146 1268 1154 1283 ’

1091 1321 1251 1370 veritas]
1296 1322 1365 1360 the
1420 1321 1620 1360 ‘realities
1675 1320 1723 1360 of
1768 1321 1866 1361 life)

1041 1375 1245 1427 Compare
1284 1385 1318 1414 Π
1362 1376 1404 1413 in
1442 1376 1614 1414 Verrem
1650 1385 1681 1413 V
1729 1377 1750 1423 ἓ
1791 1386 1864 1437 ¹7?

1037 1429 1187 1468 civium
1204 1430 1483 1468 Romanorum
1498 1428 1680 1468 omnium
1700 1429 1868 1481 sanguis

1038 1482 1272 1522 coniunctus
1289 1483 1580 1522 existimandus
1593 1488 1658 1531 est,
1673 1483 1865 1544 quoniam

1038 1542 1076 1575 et
1116 1537 1258 1576 salutis
1293 1537 1476 1576 omnium
1513 1536 1617 1575 ratio
1650 1541 1687 1575 et
1721 1537 1867 1576 veritas

1036 1591 1225 1642 postulat.

1093 1644 1183 1693 aut]
1218 1649 1289 1683 not
1325 1649 1371 1692 et,
1413 1656 1457 1682 as
1499 1643 1568 1683 the
1609 1644 1867 1695 comparison

1038 1697 1356 1749 durior...quam
1396 1698 1469 1736 has
1506 1698 1579 1738 the.
1611 1697 1720 1737 force
1763 1698 1811 1736 of
1840 1711 1866 1736 a

1040 1753 1237 1802 negative.
1295 1751 1473 1790 Tischer.
1511 1752 1715 1802 Compare
1743 1753 1764 1800 ἓ
1799 1753 1863 1802 78,

1042 1805 1174 1843 where
1192 1805 1405 1856 quisquam
1424 1805 1458 1844 is
1476 1804 1576 1844 used
1591 1804 1653 1844 for
1667 1805 1736 1844 the
1755 1818 1866 1844 same

1039 1870 1197 1897 reason.
1256 1858 1400 1897 Halm.

1093 1912 1264 1961 natura]
1320 1912 1407 1952 ‘the
1443 1911 1613 1963 feelings
1649 1912 1788 1952 innate
1824 1915 1867 1951 in

1039 1964 1113 2004 us.'
1170 1966 1260 2004 The
1287 1978 1459 2017 passage
1485 1968 1527 2004 in
1556 1967 1607 2004 de
1626 1965 1683 2004 fin
1702 1976 1751 2005 IV
1772 1968 1793 2014 ἕ
1817 1978 1864 2018 55

1041 2018 1189 2057 should
1209 2019 1260 2058 be
1280 2020 1499 2070 compared
1519 2019 1619 2059 with
1638 2020 1730 2068 this,
1757 2033 1866 2059 com·

1037 2085 1136 2124 pare
1155 2072 1241 2112 also
1262 2074 1283 2120 ξ
1305 2072 1354 2124 65
1375 2073 1524 2112 below.

1093 2125 1138 2166 61
1169 2127 1283 2178 apud
1305 2126 1531 2178 imperitam
1550 2126 1866 2177 multitudinem]

1039 2179 1119 2219 this
1134 2179 1167 2219 is
1186 2180 1339 2231 merely
1353 2194 1377 2220 a
1392 2180 1558 2220 flourish
1577 2182 1634 2219 ad
1648 2182 1865 2220 benevolen-

1038 2234 1138 2272 tiam
1156 2235 1409 2285 captandam,
1430 2235 1482 2274 he
1501 2247 1591 2286 says
1607 2235 1690 2286 just
1705 2235 1775 2274 the
1794 2249 1866 2287 op-

1009 2327 1011 2329 ,
1041 2287 1173 2338 posite
1200 2287 1242 2325 in
1262 2288 1315 2327 de
1341 2287 1398 2326 fin
1425 2298 1473 2326 IV
1498 2290 1518 2336 ἓ
1544 2299 1592 2338 74
1619 2289 1757 2328 omnia
1778 2295 1866 2340 pec-

1037 2346 1126 2379 cata
1155 2341 1281 2392 paria
1317 2341 1459 2380 dicitis.
1518 2355 1601 2381 non
1637 2356 1700 2394 egv
1742 2348 1863 2381 tecum

1043 2394 1276 2442 (addressed
1302 2400 1345 2434 to
1372 2395 1492 2443 Cato)
1516 2396 1599 2435 iam
1621 2396 1678 2435 ita
1698 2397 1858 2444 iocabar,

1039 2453 1086 2486 ut
1111 2447 1231 2487 isdem
1259 2449 1323 2487 liis
1349 2449 1395 2487 de
1419 2450 1542 2497 rebus,
1574 2463 1666 2488 cum
1695 2451 1734 2488 L
1765 2451 1863 2489 Mu-

1040 2514 1181 2540 renam
1200 2507 1236 2540 te
1246 2507 1454 2541 accusante
1468 2503 1708 2553 defenderem
1725 2515 1738 2543 .·
1755 2505 1870 2554 apud

1041 2555 1239 2606 imperitos
1255 2561 1343 2595 tum
1371 2556 1445 2595 illa
1474 2557 1579 2595 dicta
1604 2562 1713 2596 sunt.
1772 2557 1866 2597 Plut

1041 2609 1121 2648 Cat
1165 2609 1251 2647 min
1298 2621 1343 2648 21
1394 2609 1486 2649 tells
1530 2623 1578 2649 us
1621 2611 1710 2650 that
1746 2611 1867 2650 when

1042 2662 1188 2701 Cicero
1213 2662 1420 2702 delivered
1448 2663 1527 2702 this
1546 2663 1682 2715 volley
1701 2665 1748 2703 of
1771 2665 1866 2703 ridi-

1041 2715 1131 2754 cule
1153 2716 1311 2767 against
1340 2717 1408 2755 the
1439 2717 1571 2756 Stoics
1599 2719 1680 2756 and
1709 2718 1751 2756 in
1777 2731 1866 2769 par-

1040 2769 1184 2808 ticular
1203 2770 1361 2820 against
1379 2770 1484 2810 their
1502 2772 1738 2822 paradoxes‚
1762 2771 1868 2811 Cato

1041 2822 1187 2862 smiled
1206 2824 1287 2862 and
1299 2823 1387 2863 said
1412 2826 1422 2843 ‘
1437 2824 1547 2863 what
1559 2838 1584 2863 a
1597 2825 1713 2875 witty
1726 2826 1868 2864 consul

1041 2890 1103 2915 we
1130 2875 1262 2915 have.'
1319 2877 1462 2916 Cicero
1487 2878 1722 2918 afterwards
1741 2884 1869 2918 wrote

1041 2929 1104 2968 his
1116 2930 1176 2968 six
1192 2943 1338 2981 papers
1351 2931 1480 2970 called
1492 2933 1696 2979 παράδοξα
1714 2933 1767 2983 by
1782 2946 1869 2983 way

1040 2983 1087 3022 of
1110 2984 1398 3036 commending
1427 2985 1494 3024 the
1522 2986 1711 3037 morality
1731 2986 1777 3024 of
1800 2986 1870 3026 the
