2054 3120
202 94 267 153 64
765 95 912 143 PRO
955 96 1001 142 L
1046 96 1372 144 MURENA
1667 93 1841 162 [xvn
1869 114 1895 159 3
1903 110 1929 161 5

201 199 425 265 euripum
465 208 539 248 tot
575 209 750 260 motus,
792 209 966 260 tantas,
1009 209 1109 249 tam
1150 201 1304 250 varias
1341 202 1519 250 habere
1564 202 1744 265 putatis
1789 202 1935 266 agita-

201 278 360 327 tiones
402 278 907 342 commutationesque
942 281 1193 347 fluctuum,
1236 290 1441 343 quantas
1473 282 1858 343 perturbationes
1886 293 1935 332 et

203 368 412 420 quantos
437 368 597 421 aestus
620 361 770 408 habet
791 359 913 408 ratio
938 361 1246 410 comitiorum
1264 363 1287 408 ?
1347 362 1450 411 dies
1486 362 1784 412 intermissus
1808 380 1933 411 unus

203 449 287 488 aut
309 456 408 488 nox
431 440 714 503 interposita
736 457 881 503 saepe
905 444 1164 510 perturbat
1195 443 1361 492 omnia
1388 452 1436 492 et
1463 451 1618 491 totam
1650 443 1933 506 opinionem

202 537 352 583 parva
374 537 747 583 nonnumquam
772 530 1042 571 commutat
1063 510 1180 571 aura
1202 522 1420 573 rumoris.
1492 539 1636 586 saepe
1660 523 1806 572 etiam
1831 524 1934 572 sine

204 603 302 648 ulla
333 610 498 663 aperta
526 617 671 649 causa
702 603 758 669 fit
777 602 922 665 aliud
952 612 1109 665 atque,
1131 603 1429 663 existimaris,
1471 612 1525 652 ut
1559 619 1931 666 nonnumquam

203 681 271 730 ita
309 683 492 731 factum
521 698 626 730 esse
659 681 806 730 etiam
837 685 1046 744 populus
1083 683 1359 745 admiretur,
1387 683 1526 747 quasi
1555 700 1670 732 vero
1698 700 1799 732 non
1830 684 1934 746 ipse

203 761 382 826 fecerit.
427 798 432 807 .
475 761 596 809 nihil
637 771 709 810 est
748 762 976 811 incertius
1023 764 1183 825 vulgo,
1224 763 1346 811 nihil
1390 762 1642 812 obscurius
1687 765 1935 811 voluntate

120 842 179 888 36
204 841 475 903 hominum,
523 841 644 890 nihil
689 843 905 891 fallacius
951 843 1138 892 ratione
1185 853 1288 893 tota
1334 843 1661 892 comitiorum.
1739 842 1847 906 quis
1894 845 1936 890 L

204 922 495 986 Philippum,
546 939 739 971 summo
782 923 997 986 ingenio,
1055 940 1216 986 opera,
1264 923 1432 986 gratia,
1465 923 1752 982 nobilitate,
1800 938 1830 970 a
1877 925 1934 970 M

204 1002 460 1050 Herennio
507 1002 719 1064 superari
764 1019 907 1065 posse
953 1003 1207 1052 arbitratus
1255 1006 1366 1052 est?
1435 1003 1542 1065 quis
1591 1004 1640 1063 Q
1687 997 1932 1061 Catulum,

202 1083 517 1142 humanitate,
549 1083 798 1145 sapientia,
837 1083 1108 1146 integritate
1139 1085 1526 1142 antecellentem,
1561 1084 1702 1149 aan
1728 1082 1936 1131 Mallio?

203 1161 312 1223 quis
360 1164 416 1209 M
464 1164 711 1223 Scaurum,
761 1162 1012 1210 hominem
1063 1163 1413 1225 gravissimum,
1469 1163 1626 1211 civem
1673 1149 1932 1226 egregium,

202 1242 518 1291 fortissimum
565 1253 854 1303 senatorem,
902 1262 931 1292 a
973 1246 1020 1305 Q
1063 1245 1323 1293 Maximo?
1417 1262 1519 1294 non
1557 1246 1708 1293 modo
1754 1232 1932 1299 horum

202 1324 323 1371 nihil
354 1323 422 1372 ita
450 1325 551 1372 fore
591 1332 813 1385 putatum
850 1334 937 1383 est,
978 1326 1062 1372 sed
1092 1342 1154 1374 ne
1193 1342 1305 1372 cum
1341 1335 1467 1374 esset
1497 1327 1679 1373 factum
1718 1325 1932 1387 quidem,

204 1421 302 1466 qua
334 1421 386 1453 re
413 1404 481 1452 ita
513 1406 694 1465 factum
730 1414 871 1464 esset,
910 1404 1123 1468 intellegi
1153 1406 1325 1468 potuit.
1399 1423 1515 1454 nam
1539 1415 1592 1454 ut
1623 1415 1934 1468 tempestates

204 1500 348 1546 saepe
377 1493 508 1532 certo
543 1472 707 1545 aliquo
740 1484 860 1532 caeli
892 1484 1029 1547 signo
1066 1495 1448 1546 commoventur,
1491 1485 1934 1548 saepeimproviso

203 1564 336 1610 nulla
359 1579 420 1611 ex
442 1571 573 1611 certa
595 1563 780 1611 ratione
813 1564 1019 1611 obscura
1050 1565 1212 1627 aliqua
1248 1582 1308 1613 ex
1336 1582 1482 1613 causa
1516 1565 1831 1624 concitantur,
1866 1565 1935 1613 sic

203 1642 254 1689 in
268 1644 360 1690 hac
376 1642 684 1702 comitiorum
700 1651 987 1704 tempestate
1007 1644 1228 1705 populari
1248 1661 1392 1706 saepe
1407 1644 1670 1706 intellegas,
1683 1660 1780 1706 quo
1796 1644 1933 1706 signo

206 1733 455 1781 commota
492 1723 567 1782 sit,
594 1740 737 1786 saepe
769 1723 837 1771 ita
873 1725 1078 1772 obscura
1116 1734 1201 1784 est,
1241 1735 1294 1773 ut
1332 1741 1446 1773 casu
1485 1725 1692 1773 excitata
1725 1740 1830 1772 esse
1869 1725 1932 1772 vi-

121 1806 180 1853 3¹7
206 1805 387 1853 deatur.
451 1820 596 1854 xv111.
642 1806 729 1853 sed
753 1799 917 1872 tamen
942 1806 982 1854 si
1006 1815 1078 1854 est
1098 1807 1354 1870 >reddenda
1376 1806 1512 1864 ratio,
1546 1807 1672 1853 duae
1694 1821 1770 1852 res
1793 1807 1933 1853 vehe-

204 1893 392 1932 menter
415 1883 466 1934 in
497 1893 721 1946 praetura
749 1883 1048 1939 desideratae
1077 1894 1204 1956 sunt,
1235 1881 1363 1947 quae
1395 1886 1568 1933 ambae
1596 1883 1647 1931 in
1678 1886 1931 1932 consulatu

205 2060 304 2099 such
324 2060 491 2112 shifting
510 2061 613 2099 tides
639 2074 682 2101 as
704 2073 769 2099 are
789 2060 857 2099 the
877 2061 1029 2112 squalls

206 2115 287 2152 and
320 2124 458 2165 surges
490 2114 533 2152 in
561 2114 630 2153 the
661 2115 848 2165 working
877 2116 923 2153 of
950 2127 1027 2154 our

206 2168 400 2207 elections
412 2166 440 2206 ?'

259 2221 379 2269 ratio]
407 2233 451 2259 so
480 2222 500 2269 ξ
533 2219 594 2270 36,
627 2221 709 2259 and
740 2219 783 2259 in

205 2279 488 2324 tempestatum.

258 2327 523 2376 conzitiorum]
544 2327 607 2366 for
620 2327 689 2366 the
709 2327 965 2379 comparison
986 2335 1028 2367 to

205 2394 230 2418 a
266 2387 417 2431 stormy
454 2392 522 2420 sea
559 2394 748 2431 compare
790 2395 864 2432 pro
903 2382 1028 2420 Plane

205 2435 247 2482 gg
284 2445 343 2482 11,
386 2445 445 2483 15,
480 2435 682 2473 Demosth
710 2435 745 2472 F
774 2435 811 2472 L
840 2437 860 2483 ἓ
894 2435 967 2485 136
999 2448 1027 2486 p

257 2539 379 2589 aura]
417 2540 485 2578 the
523 2540 710 2588 ablative,
741 2541 958 2592 according
985 2546 1027 2579 to

206 2593 350 2631 Halm.
408 2594 490 2632 For
509 2594 577 2632 the
595 2571 710 2632 word
737 2594 790 2633 he
817 2607 1027 2655 compares

204 2647 308 2698 Virg
326 2647 420 2685 Aen
438 2656 507 2685 VII
528 2645 605 2695 646
631 2648 689 2685 ad
711 2661 782 2686 nos
807 2648 881 2686 vix
898 2647 1028 2686 tenuis

204 2715 229 2740 7
228 2713 341 2739 erum
354 2699 602 2779 perlabzturQ
595 2714 713 2739 aura.

257 2753 376 2805 quasi
393 2750 497 2802 vero]
519 2766 564 2792 so
584 2754 602 2800 ἓ
621 2765 680 2803 75,
705 2754 756 2792 de
777 2753 838 2792 off
852 2763 908 2792 111
923 2755 944 2802 ξ
962 2765 1022 2806 39.

260 2805 312 2858 36
364 2807 496 2857 opera]
525 2807 631 2845 activ
633 2809 690 2858 ity
708 2807 747 2845 in
778 2807 848 2846 the
874 2807 1019 2856 forum,

205 2873 250 2898 as
270 2859 400 2898 Halm
418 2872 520 2910 says.
580 2859 657 2899 See
677 2873 731 2898 on
751 2862 769 2908 §
790 2872 851 2899 22.

258 2913 318 2952 M
328 2911 546 2961 Herennio]
568 2913 736 2952 consul
726 2926 768 2951 m
788 2922 814 2951 Β
828 2923 853 2952 C
873 2925 937 2965 93.

817 2222 838 2268 ἓ
868 2236 892 2270 4
929 2221 1028 2260 with
1071 2247 1076 2250 -

1169 2063 1231 2101 Cn
1250 2062 1415 2111 Mallio]
1436 2061 1576 2101 consul
1602 2075 1689 2110 105.

1165 2117 1204 2207 ἕ
1248 2116 1374 2155 Fabio
1417 2116 1608 2155 fllaximo
1650 2115 1840 2164 Eburno]
1890 2116 1931 2154 in

1117 2182 1158 2207 11
1194 2198 1202 2207 .

1156 2228 1348 2273 putatum
1373 2221 1442 2270 est]
1467 2235 1564 2273 very
1589 2235 1688 2270 rare,
1712 2222 1786 2261 but
1805 2221 1932 2261 found

1111 2275 1153 2314 in
1172 2277 1223 2315 de
1242 2276 1356 2315 divin
1377 2285 1393 2314 1
1413 2278 1433 2324 ξ
1454 2276 1515 2324 84.
1577 2276 1738 2326 Zumpt.

1163 2342 1263 2368 nam
1298 2335 1347 2368 ut
1380 2329 1460 2377 etc]
1499 2329 1651 2380 quoted
1687 2328 1842 2379 loosely
1876 2329 1932 2379 by

1112 2383 1240 2432 Quint
1258 2391 1347 2421 VIII
1369 2394 1390 2431 3
1411 2384 1431 2430 ἓ
1451 2382 1514 2421 80.

1162 2437 1323 2474 obscura
1341 2436 1410 2483 est]
1428 2440 1618 2474 commota
1635 2440 1846 2484 tempestas.

1162 2503 1214 2527 ess
1217 2503 1236 2527 e
1252 2489 1450 2537 videatur]
1475 2500 1663 2539 compare
1690 2487 1818 2538 Quint
1836 2497 1868 2527 X
1890 2499 1925 2536 2,

1109 2544 1128 2590 ἓ
1153 2544 1210 2588 18,
1222 2543 1319 2584 Tac
1338 2541 1520 2590 Dia123.

1162 2596 1260 2634 xviii
1294 2605 1342 2646 37
1389 2594 1508 2643 ratio]
1550 2593 1586 2632 if
1616 2607 1698 2633 one
1723 2599 1832 2633 must
1862 2607 1931 2633 ac-

1109 2654 1231 2687 count
1259 2648 1322 2687 for
1349 2645 1534 2686 Murena'
1536 2659 1554 2685 s
1575 2647 1728 2697 having
1745 2648 1850 2686 been
1868 2661 1927 2686 re-

1108 2702 1252 2740 turned
1279 2715 1324 2740 as
1350 2706 1525 2752 praetor
1538 2701 1641 2739 later
1667 2701 1766 2739 than
1793 2700 1894 2752 Sulp
1896 2700 1928 2739 i-
1983 2715 1986 2718 ⁴

1080 2778 1089 2784 -
1109 2755 1203 2794 cius.
1267 2755 1348 2794 For
1365 2754 1435 2792 sed
1446 2759 1581 2792 tamen
1599 2766 1667 2793 see
1686 2766 1740 2792 on
1759 2755 1780 2801 ἓ
1798 2754 1863 2802 48.

1161 2808 1408 2856 deszderatae]
1429 2807 1497 2846 the
1510 2812 1618 2846 want
1637 2807 1684 2845 of
1697 2806 1831 2845 which
1844 2819 1928 2846 was

1106 2860 1180 2900 felt
1207 2861 1326 2900 when
1351 2860 1405 2900 he
1431 2873 1516 2901 was
1547 2860 1747 2911 standing
1764 2859 1828 2899 for
1859 2859 1928 2900 the

1106 2914 1373 2966 praetorship.
