2054 3120
229 101 293 148 80
793 103 943 152 PRO
990 104 1034 150 L
1080 104 1407 152 MURENA
1678 102 1871 171 [XXVI
1899 119 1960 168 54
2019 141 2027 148 .

227 218 361 257 metu
396 218 445 258 et
475 204 693 273 periculo
735 198 987 262 consulem
1022 212 1257 272 viderent,
1302 214 1351 262 id
1388 214 1523 276 quod
1558 222 1632 263 est
1665 215 1861 270 facturn,
1896 215 1960 263 ad

226 305 373 351 opem
407 290 800 354 praesidiumque
835 302 1193 341 concurrerent.
1266 292 1430 355 itaque
1452 310 1576 362 *cum
1611 303 1675 354 te,
1712 295 1860 350 Servi,
1894 311 1963 344 re-

226 370 495 419 missiorem
524 371 575 419 in
609 374 825 443 petendo
858 383 1096 435 putarent,
1126 373 1387 422 Catilinam
1418 383 1467 422 et
1503 391 1588 436 spe
1617 384 1666 423 et
1694 375 1962 438 cupiditate

226 449 578 501 inflammatum
602 452 838 513 viderent,
865 470 1052 513 omnes,
1087 453 1171 516 qui
1206 454 1338 501 illam
1367 455 1429 502 ab
1463 471 1514 502 re
1546 454 1742 516 publica
1773 466 1960 519 pestem

146 535 204 581 53
227 531 470 593 depellere
489 533 767 595 cupiebant,
788 535 852 583 ad
873 536 1134 597 Murenam
1154 550 1205 582 se
1223 533 1386 581 statim
1407 536 1727 583 contulerunt.
1787 553 1963 598 magna

227 620 300 658 est
323 620 487 659 autem
511 612 720 669 comitiis
744 608 1078 661 consularibus
1096 612 1351 675 repentina
1371 615 1676 662 voluntatum
1696 613 1960 675 inclinatio,

227 690 507 751 praesertim
540 708 653 739 cum
678 692 900 740 incubuit
927 694 990 741 ad
1014 692 1169 740 virum
1200 694 1388 741 bonum
1420 702 1468 741 et
1499 693 1663 743 multis
1695 694 1800 742 aliis
1831 696 1963 743 adiu-

227 769 404 817 mentis
428 770 676 832 petitionis
712 781 948 819 ornatum.
1022 771 1105 833 qui
1138 789 1250 819 cum
1282 771 1626 820 honestissimo
1658 762 1792 835 patre
1816 785 1963 837 atque

229 848 504 907 maioribus,
526 850 888 898 modestissima
905 851 1251 910 adulescentia,
1270 851 1533 900 clarissima
1555 852 1811 914 legatione,
1833 870 1966 915 prae·

228 939 337 977 tura
376 932 580 992 probata
619 931 670 979 in
716 931 829 992 iure,
880 941 1015 994 grata
1055 932 1117 980 in.
1147 949 1361 991 munere,
1404 924 1576 981 ornata
1610 933 1662 980 in
1698 933 1962 995 provincia,

229 1008 430 1071 petisset
470 1009 725 1072 diligenter
765 1020 813 1058 et
860 1011 927 1058 ita
963 1011 1179 1073 petisset,
1218 1020 1272 1059 ut
1310 1027 1473 1073 neque
1518 1011 1725 1060 minanti
1771 1014 1966 1062 cederet

228 1104 389 1150 neque
413 1088 641 1151 cuiquam
661 1090 937 1150 minaretur,
958 1092 1072 1139 huic
1091 1091 1366 1139 mirandum
1385 1101 1458 1140 est
1481 1108 1660 1154 magno
1678 1091 1964 1141 adiumento

232 1168 472 1217 Catilinae
497 1170 706 1218 subitam
731 1188 867 1233 spem
892 1173 1172 1219 consulatus
1195 1171 1500 1234 adipiscendi
1524 1172 1706 1221 fuisse?

145 1255 208 1303 54
329 1265 462 1297 nunc
493 1250 613 1297 mihi
637 1249 805 1299 tertius
830 1251 909 1300 ille
938 1253 1074 1302 locus
1103 1260 1177 1300 est
1206 1251 1418 1313 reliquus
1455 1252 1701 1310 orationis,
1730 1254 1791 1301 de
1815 1252 1966 1301 ambi-

230 1338 306 1378 tus
341 1330 638 1392 criminibus,
679 1342 998 1395 perpurgatus
1035 1336 1098 1380 ab
1139 1332 1227 1390 his,
1268 1332 1353 1394 qui
1390 1341 1503 1380 ante
1543 1350 1623 1381 me
1660 1333 1897 1392 dixerunt,
1936 1352 1966 1382 a

228 1426 322 1468 me,
362 1411 594 1470 quoniam
639 1411 707 1460 ita
755 1415 964 1461 Murena
997 1413 1165 1471 voluit,
1202 1402 1563 1462 retractandus:
1610 1430 1710 1476 quo
1757 1414 1808 1462 in
1852 1417 1964 1464 loco

231 1491 272 1539 C
322 1493 569 1550 Postumo,
617 1493 838 1541 familiari
884 1510 1013 1553 meo,
1062 1493 1372 1542 ornatissimo
1420 1493 1537 1551 viro,
1587 1495 1649 1542 de
1698 1495 1962 1543 divisorum

227 1568 419 1618 indiciis
455 1580 503 1619 et
538 1573 601 1620 de
637 1573 952 1637 deprehensis
987 1572 1221 1635 pecuniis,
1272 1573 1574 1621 adulescenti
1620 1573 1874 1636 ingenioso
1915 1584 1964 1622 et

226 1653 376 1712 bono,
412 1655 498 1701 Ser
532 1653 761 1716 Sulpicio,
806 1655 868 1703 de
905 1654 1126 1716 equitum
1163 1654 1407 1711 centuriis,
1448 1656 1503 1701 M
1545 1654 1738 1711 Catoni,
1775 1654 1963 1702 homini

226 1731 278 1780 in
314 1732 449 1780 omni
483 1732 656 1781 virtute
691 1733 959 1793 excellenti,
999 1735 1060 1782 de
1096 1733 1246 1798 ipsius
1287 1733 1610 1793 accusatione,
1659 1735 1722 1782 de
1768 1743 1964 1781 senatus

227 1815 468 1873 consulto,
495 1814 556 1862 de
580 1831 630 1862 re
655 1815 852 1877 publica
874 1815 1196 1877 respondebo.

1138 1961 1186 2000 of
1199 1961 1458 2013 prosecuting
1474 1961 1573 2000 him.

1191 2015 1435 2064 minaretur]
1469 2028 1512 2053 as
1544 2014 1746 2066 Sulpicius
1774 2015 1858 2062 did,
1883 2016 1963 2054 and

227 1962 314 2002 that
341 1962 394 2001 he
430 1962 579 2001 shifted
607 1962 671 2001 his
704 1963 827 2010 tunic,
861 1976 906 2001 so
937 1975 980 2000 as
1010 1968 1052 2001 to

227 2016 338 2055 shew
357 2017 425 2055 the
449 2016 709 2066 breastplate,
731 2018 801 2054 τοῦ
821 2017 861 2055 δὲ
882 2017 1053 2066 θώρακος

229 2071 407 2117 ἐπιτηδὲς
428 2069 619 2118 ὑπέφαινέ
638 2083 688 2108 τι.

282 2134 330 2173 53
388 2134 538 2174 magna
557 2124 626 2171 est]
661 2122 736 2161 has
758 2128 874 2173 great
899 2122 1051 2173 weight

235 2193 271 2209 =
281 2177 456 2214 multum
474 2177 589 2214 valet.

269 2229 504 2281 praesertim
523 2230 635 2277 cum]
652 2242 718 2268 see
738 2242 791 2268 on
811 2230 832 2277 ἓ
850 2244 913 2279 44.

279 2283 462 2322 incubuit
475 2283 550 2332 ad]
574 2283 648 2321 has
673 2283 757 2322 lent
785 2283 836 2322 its
855 2283 964 2322 force
992 2288 1048 2321 to.

229 2337 433 2387 Compare
463 2338 483 2384 ἓ
519 2349 569 2389 59
599 2336 845 2375 incumbenti
878 2337 937 2374 ad
966 2336 1052 2374 eius

225 2390 451 2440 perniciem,
473 2390 526 2428 ad
546 2390 622 2428 Att
643 2400 658 2428 Ι
685 2402 730 2440 19
751 2392 771 2437 ἓ
792 2404 814 2437 4
835 2390 892 2427 ad
906 2390 1048 2428 volun-

224 2448 342 2482 tatem
354 2443 609 2494 pe7serendae
624 2443 718 2493 legis
735 2443 976 2482 incubuerat.

279 2496 386 2544 aliis]
451 2496 611 2536 besides
656 2497 719 2535 his
765 2497 888 2547 being
923 2495 1047 2547 good.

227 2549 317 2588 The
336 2550 568 2588 adiumenta
587 2563 655 2588 are
680 2556 740 2589 set
767 2549 874 2589 forth
894 2550 1049 2600 shortly

227 2603 269 2641 in
288 2602 357 2642 the
371 2609 466 2641 next
484 2604 685 2642 sentence.

279 2656 325 2695 in
340 2656 444 2704 iure]
464 2657 484 2704 ἓ
505 2670 567 2706 41.
628 2657 674 2695 in
701 2669 873 2704 munere,
910 2657 955 2704 ἐξ
980 2667 1044 2706 37,

228 2709 292 2760 38.
347 2710 393 2748 in
406 2710 632 2760 provincia,
657 2712 676 2757 ἓ
696 2722 760 2758 42.

278 2767 316 2801 et
341 2763 398 2801 ita
426 2763 599 2814 petisset]
650 2775 841 2814 compare
878 2763 930 2802 de
963 2763 1048 2814 imp

229 2816 294 2855 Cn
325 2816 456 2867 Pomp
487 2818 509 2865 ς
547 2828 594 2855 10
621 2816 752 2855 dicam
784 2816 864 2855 alio
900 2817 978 2855 loco
1015 2822 1050 2854 et

225 2870 282 2909 ita
291 2869 445 2908 dicam.

279 2920 476 2973 minanti]
495 2936 519 2962 a
533 2922 592 2962 hit
607 2929 648 2963 at
665 2921 880 2975 Sulpicius'
898 2922 1048 2962 threats

1136 2068 1216 2107 lost
1234 2068 1402 2107 himself
1415 2081 1537 2119 many
1556 2075 1682 2107 votes.
1740 2069 1881 2108 Halm.

1195 2122 1692 2170 Catilinae—consulatusJ
1731 2135 1776 2160 so
1815 2122 1963 2161 Brutus

1134 2178 1156 2224 ἓ
1178 2174 1250 2225 163
1267 2175 1470 2214 Scaevolae
1485 2175 1642 2213 dicendi
1656 2175 1859 2225 elegantia,
1884 2182 1961 2214 etc.

1193 2241 1242 2278 54
1295 2229 1417 2278 locus]
1439 2229 1508 2268 the
1534 2228 1644 2267 third
1670 2228 1790 2267 head.
1840 2229 1961 2267 Com-

1138 2295 1235 2334 pare
1255 2284 1275 2330 ἕ
1302 2295 1362 2321 11.

1185 2335 1472 2387 perpurgatus]
1519 2334 1702 2374 ‘cleared
1742 2333 1829 2385 up‚’
1862 2335 1962 2374 with

1137 2402 1162 2428 a
1190 2389 1277 2428 side
1306 2389 1479 2427 allusion
1508 2394 1550 2427 to
1579 2387 1840 2438 exculpating
1868 2389 1959 2427 Mu-

1136 2456 1246 2481 rena.
1322 2441 1494 2480 Tischer
1529 2441 1622 2479 well
1661 2454 1872 2492 compares
1910 2442 1962 2480 de

1135 2494 1248 2534 divin
1277 2505 1312 2533 11
1333 2497 1354 2543 ἓ
1376 2508 1396 2533 2
1420 2499 1689 2545 perpurgatus
1715 2499 1770 2532 est
1795 2494 1830 2534 is
1856 2495 1962 2534 locus

1136 2563 1162 2587 a
1190 2549 1300 2587 nobis
1335 2550 1511 2599 quinque
1543 2547 1669 2586 libris.
1725 2561 1751 2585 a
1780 2561 1851 2595 me,
1888 2556 1960 2586 not

1135 2602 1249 2650 mihi,
1300 2601 1363 2640 for
1407 2600 1656 2652 uniformity,
1707 2614 1751 2639 as
1796 2601 1839 2639 in
1884 2614 1960 2652 pro
2014 2650 2016 2652 v

1135 2656 1261 2694 Plane
1279 2657 1301 2703 ἕ
1321 2656 1358 2693 8.

1187 2709 1234 2747 cle
1249 2708 1423 2759 equitum
1441 2707 1645 2755 centum'z's]
1667 2720 1733 2746 see
1753 2719 1807 2745 on
1826 2709 1847 2755 ἓ
1869 2716 1931 2757 73.

1186 2762 1233 2800 de
1247 2766 1408 2800 senatus
1423 2761 1613 2809 consulto]
1637 2763 1658 2808 ἓ
1677 2759 1740 2810 67.

1187 2815 1234 2853 de
1251 2813 1474 2865 republica]
1494 2813 1737 2863 concerning
1751 2826 1826 2852 our
1836 2825 1956 2857 cnun-

1134 2866 1230 2918 try’s
1249 2868 1447 2914 interests,
1471 2867 1513 2905 in
1538 2868 1582 2915 §5
1611 2877 1660 2917 74
1686 2866 1773 2911 soll,
1793 2879 1841 2904 or
1859 2865 1960 2906 with

1136 2922 1266 2960 Halm
1291 2923 1300 2940 ‘
1316 2921 1385 2960 the
1403 2920 1585 2973 political
1604 2917 1823 2960 situation.'
