2054 3120
40 1408 59 1426 ,ι
132 1375 269 1408 tamen
287 1368 454 1408 honoris
473 1369 609 1414 eius...

10 1436 29 1471 ῑτ
48 1448 59 1482 3
131 1436 296 1484 nemini,
351 1436 410 1475 sic
455 1436 655 1483 existimo,
703 1437 851 1489 quibus
898 1450 960 1476 ce-

12 1529 62 1554 ,μ
131 1504 252 1556 peris,
269 1517 330 1550 ea,
344 1517 438 1544 cum
457 1505 630 1557 adeptus
650 1504 717 1553 sis,
735 1505 954 1556 deponere,

3 1569 62 1610 'ss'z'
132 1584 284 1612 esse....

358 709 420 769 V
412 709 713 769 arz'atz'ons
745 708 917 782 from
960 707 1210 768 Halm's
1266 708 1424 779 Text,
1481 709 1651 770 1868.

211 972 233 1020 ξ
256 983 292 1022 3.
348 984 373 1010 a
391 984 458 1011 me
476 984 572 1010 uno.
626 982 720 1010 una.
748 979 843 1008 MSS.
903 981 985 1008 una
1003 981 1094 1007 cum
1114 969 1335 1010 consulatu.
1362 969 1407 1009 H
1429 967 1495 1021 (ex
1514 965 1655 1020 coni.).

134 1034 211 1077 his.
272 1037 334 1077 iis.
358 1038 416 1077 H.

213 1102 234 1149 ἓ
253 1116 292 1151 4.
348 1101 575 1141 communis
595 1101 748 1141 salutis.
805 1102 947 1141 salutis
968 1102 1209 1141 communis.
1230 1102 1287 1141 H.

215 1168 236 1215 §
257 1165 295 1207 6.
354 1173 491 1219 negat.
548 1173 590 1206 at
609 1174 746 1219 negat.
770 1169 826 1207 H.

213 1235 291 1282 58.
348 1235 444 1274 favi.
500 1235 625 1275 adfui.
652 1236 712 1274 H.
794 1236 915 1287 petis.
972 1241 1100 1287 petas.
1127 1236 1186 1275 H.

133 1315 237 1355 quae
268 1302 303 1341 si
339 1315 460 1341 causa
500 1315 584 1341 non
616 1307 723 1342 esset
766 1301 961 1349 hominis,
1044 1308 1211 1348 ...esset,
1233 1307 1372 1342 tamen
1391 1301 1458 1341 vel
1487 1301 1667 1353 dignitas
1693 1300 1874 1340 hominis

1041 1370 1105 1409 vel
1124 1370 1290 1409 honoris
1310 1370 1395 1409 eius
1402 1401 1498 1408 ......
1507 1370 1564 1409 Η.

1039 1437 1205 1486 nemini,
1240 1437 1389 1489 quibus
1425 1436 1636 1476 laboribus
1673 1450 1723 1476 ea
1755 1449 1873 1488 cepe-

1038 1503 1103 1549 ris,
1120 1515 1201 1550 eos,
1234 1515 1329 1541 cum
1353 1501 1527 1555 adeptus
1553 1502 1620 1552 sis,
1649 1502 1871 1554 deponere,

1039 1569 1260 1609 esset...H.

211 1642 233 1688 ἕ
256 1651 315 1691 13.
376 1640 516 1692 aliquo
535 1640 734 1680 convicio.
790 1641 959 1693 aliquod
977 1639 1218 1680 convicium.
1255 1638 1312 1678 H.

212 1709 234 1756 §
257 1720 319 1758 14.
374 1707 418 1747 in
436 1711 533 1747 vita.
568 1721 638 1747 orn
658 1709 719 1748 H.

211 1777 233 1824 ἓ
257 1775 316 1815 16.
373 1777 534 1828 generis
553 1777 628 1816 sui.
684 1778 843 1828 generis
863 1790 948 1816 sua.
981 1777 1025 1816 H
1049 1776 1115 1824 (ex
1135 1774 1276 1823 coni.).

211 1843 320 1894 §19.
375 1847 557 1890 vocatur,
591 1844 645 1883 ab
674 1850 848 1897 utroque
873 1845 952 1884 dis·
1043 1850 1224 1890 vocatur,
1276 1841 1329 1880 ab
1375 1846 1549 1894 utroque
1598 1841 1874 1882 dissimillima

131 1907 336 1950 simillima
353 1911 511 1951 ratione
529 1917 762 1951 tractatum.
1041 1913 1200 1951 ratione
1254 1916 1502 1951 transactum
1557 1917 1632 1952 est.
1707 1912 1752 1951 H
1807 1910 1873 1964 (ex

1044 1978 1186 2027 coni.).

208 2044 230 2092 ἓ
251 2055 315 2084 20.
370 2044 533 2098 loquar.
593 2044 751 2098 loquor.
774 2045 833 2084 H.
947 2050 1108 2085 tantum
1127 2046 1275 2085 laudis.
1331 2050 1492 2085 tantum
1511 2045 1606 2086 huic
1623 2046 1770 2087 laudis.
1823 2047 1870 2086 H

132 2108 200 2159 (ox
217 2111 354 2161 coni.).
464 2112 658 2164 impertit.
714 2112 926 2164 impertiit.
949 2112 994 2151 H
1018 2111 1083 2164 (ex
1102 2111 1242 2163 coni.).

209 2178 230 2226 ἓ
251 2189 314 2217 21.
369 2179 473 2231 pari.
529 2192 684 2231 parem.
707 2179 752 2217 H
777 2178 842 2226 (ex
860 2177 1004 2230 coni.).
1059 2179 1204 2218 eadem
1223 2179 1279 2218 in.
1337 2177 1382 2218 in
1401 2179 1546 2219 eadem
1566 2179 1625 2219 H.

130 2245 240 2296 apud
266 2246 487 2286 exercitum
513 2247 616 2286 mihi
642 2246 778 2293 fueris,
810 2246 956 2298 inquit,
1037 2246 1148 2298 apud
1168 2245 1391 2286 exercitum
1410 2246 1512 2285 mihi
1537 2246 1692 2286 fueris?
1719 2246 1864 2299 inquit,
1888 2251 1891 2254 “

131 2315 194 2349 tot
211 2324 351 2362 annos,
374 2314 507 2353 forum
526 2328 610 2354 non
630 2314 845 2366 attigeris?
1036 2320 1098 2355 tot
1116 2315 1233 2355 annis
1251 2314 1384 2354 forum
1403 2328 1487 2354 non
1506 2315 1688 2368 attigeris
1704 2316 1723 2355 ?
1778 2317 1836 2356 H.

129 2383 216 2416 tam
239 2379 322 2430 diu,
344 2386 401 2420 ut.
456 2387 542 2421 tam
569 2382 654 2430 diu,
688 2388 742 2421 et.
774 2382 819 2420 H
849 2382 915 2430 <ex
942 2381 1084 2434 coni.).
1272 2382 1450 2434 expedit.
1509 2383 1700 2435 expediit.
1732 2384 1777 2423 H
1803 2385 1870 2435 (ex

132 2447 273 2496 coni.).
378 2450 501 2491 idem.
561 2451 672 2490 item.
700 2452 744 2490 H
768 2452 834 2501 (ex
853 2451 991 2500 coni.).

211 2513 232 2560 ς
253 2525 316 2552 22.
370 2516 441 2568 qui
460 2522 579 2569 potes
598 2516 800 2556 dubitare.
858 2517 928 2569 qui
948 2521 1084 2569 potest
1103 2517 1292 2557 dubitari.
1320 2517 1378 2557 H.

128 2575 187 2616 rei
204 2578 388 2620 militaris
407 2581 548 2634 [quam
572 2582 670 2622 iuris
693 2581 839 2632 civilis]
868 2582 956 2634 glo·
1036 2582 1094 2622 rei
1113 2582 1299 2622 militaris
1314 2595 1438 2635 quam
1456 2582 1552 2622 iuris
1566 2582 1694 2622 civilis
1708 2581 1838 2634 gloria
1849 2582 1868 2621 ?

129 2641 214 2682 ria?
405 2677 410 2684 .
1038 2650 1097 2690 H.

207 2712 314 2762 §23-
368 2714 562 2756 didicisti.
617 2717 808 2758 dilexisti.
835 2717 893 2758 H.
1066 2718 1297 2759 conciliant.
1358 2719 1590 2759 concilient.
1616 2719 1676 2758 H.

206 2779 312 2830 §24-
366 2782 411 2820 in
427 2781 505 2823 his.
564 2783 608 2823 in
626 2784 686 2824 iis.
714 2785 772 2824 H.
882 2785 1047 2838 dicendi
1066 2785 1248 2826 facultas.
1306 2786 1487 2828 facultas.
1516 2787 1574 2827 H.

205 2847 312 2897 §25.
368 2849 598 2900 petebatur.
679 2851 939 2904 petebantur.
962 2853 1020 2892 H.
1258 2854 1501 2894 ediscendis.
1547 2853 1764 2897 discendis.
1801 2854 1858 2894 H.

79 2911 81 2915 ⁴
102 2915 105 2917 ’
128 2906 270 2952 causis.
325 2915 469 2967 capsis.
494 2917 555 2956 Η.

196 3061 199 3066 .
260 2992 370 3043 Clc.
383 3001 482 3059 pro
502 2998 549 3046 L
570 2999 712 3051 Mur.
1699 3007 1729 3053 8
