2054 3120
154 116 202 165 11
231 110 283 180 3]
708 109 856 158 PRO
900 109 947 157 L
965 116 970 122 ·
990 105 1320 156 MURENA
1823 114 1883 161 31

151 230 264 272 ante
294 235 442 284 quam
475 234 564 283 pro
596 220 640 267 L
664 220 875 266 Murena
907 216 1067 264 dicere
1101 213 1318 272 instituo,
1351 227 1439 274 pro
1474 224 1554 257 me
1589 206 1697 291 ipso
1731 221 1890 291 pauca

151 297 326 357 dicam,
353 311 464 358 nonv
479 311 579 357 quo
602 293 723 342 mihi
751 292 912 356 potior
939 293 1035 340 hoc
1070 290 1272 353 quidem
1306 287 1357 335 in
1391 296 1612 348 tempore
1647 293 1708 332 Slt
1743 284 1890 332 officii

151 377 248 426 mei
288 393 436 439 quam
476 374 679 423 huiusce
719 372 887 423 salutis
929 369 1165 430 defensio,
1205 369 1294 417 sed
1334 376 1388 415 ut
1425 382 1538 415 meo
1581 366 1710 413 facto
1750 363 1889 413 vobis

138 459 356 523 *probato
380 455 562 504 maiore
596 455 883 503 auctoritate
917 455 981 502 ab
1016 452 1160 500 huius
1195 451 1397 509 honore,
1422 449 1552 496 fama
1585 445 1891 509 fortunisque

151 536 380 589 omnibus
404 534 714 583 inimicorum
738 534 950 596 impetus
974 532 1257 595 propulsare
1280 528 1478 592 possim.

252 631 305 664 11.
378 625 427 664 et
449 614 663 677 primum
689 616 745 661 M
773 611 953 662 Catoni
975 611 1126 660 vitam
1150 610 1214 657 ad
1239 617 1420 656 certam
1444 607 1643 656 rationis
1667 623 1890 656 normam
1913 612 1942 660 3

152 695 388 759 derigenti
413 704 460 743 et
485 693 853 757 diligentissime
876 689 1198 755 perpendenti
1222 698 1474 738 momenta
1497 688 1768 738 officiorum
1793 706 1908 738 om-‘

151 777 289 826 nium
325 778 387 825 de
423 775 583 824 officio
608 791 720 824 meo
755 774 1078 836 respondebo.
1149 780 1295 833 negat
1327 770 1475 839 fuisse
1508 779 1696 819 rectum
1723 768 1890 836 [Cato]

152 874 232 907 me
257 866 304 906 et
328 857 582 905 consulem
615 863 663 903 et
697 852 816 916 legis
851 852 1062 900 ambitus
1097 853 1302 899 latorem
1337 859 1386 899 et
1420 859 1521 899 tam
1556 866 1720 899 severe
1754 859 1893 913 gesto

152 939 410 987 consulatu
457 952 655 984 causam
697 937 740 982 L
781 935 1019 982 Murenae
1063 932 1313 995 attingere.
1397 931 1536 980 cuius
1578 931 1893 995 reprehensio

152 1032 233 1064 me
269 998 585 1073 vehementer
625 1021 804 1074 movet,
843 1028 946 1060 non
984 1013 1144 1060 solum
1188 1020 1242 1060 ut
1281 1010 1435 1072 vobis,
1474 1010 1675 1071 iudices,
1715 1011 1893 1075 quibus

153 1096 363 1145 maxime
399 1096 572 1154 debeo,
597 1110 765 1142 verum
801 1093 947 1142 etiam
983 1101 1037 1141 ut
1071 1092 1163 1155 ipsi
1200 1091 1393 1152 Catoni,
1428 1091 1710 1155 gravissimo
1745 1101 1894 1155 atque

152 1175 463 1239 integerrimo
492 1175 610 1235 viro,
635 1173 874 1223 rationem
910 1174 1024 1222 facti
1061 1173 1159 1222 mei
1192 1174 1410 1236 probem.
1481 1189 1512 1222 a
1542 1189 1641 1235 quo
1672 1175 1891 1235 tandem,

155 1257 212 1304 M
239 1257 378 1315 Cato,
406 1263 478 1303 est
510 1254 713 1317 aequius
746 1255 1000 1303 consulem
1034 1253 1233 1302 defendi
1265 1269 1414 1315 quam
1446 1269 1476 1300 a
1510 1254 1748 1302 consule?
1783 1255 1892 1316 quis

154 1335 274 1383 mihi
306 1335 358 1383 in
391 1351 442 1383 re
474 1334 670 1397 publica
696 1343 858 1397 potest
889 1342 973 1382 aut
1005 1334 1152 1382 debet
1181 1348 1286 1382 esse
1317 1331 1636 1392 coniunctior,
1663 1349 1811 1395 quarn
1836 1333 1891 1393 is,

153 1418 232 1465 cui
268 1433 343 1465 res
385 1416 583 1479 publica
621 1433 651 1464 a
690 1432 771 1464 me
811 1432 913 1464 uno
953 1413 1160 1463 traditur
1198 1413 1497 1473 sustinenda,
1541 1413 1729 1476 magnis
1770 1414 1892 1463 meis

153 1496 400 1545 laboribus
447 1505 496 1545 et
540 1495 766 1558 periculis
813 1496 1116 1544 sustentata?
1195 1493 1373 1556 quodsi
1418 1493 1471 1542 in
1515 1494 1590 1543 his
1636 1496 1791 1559 rebus¹
1825 1512 1895 1544 re-

1 1962 5 2060 l

3 2062 5 2113 1

197 1601 277 1646 pro
297 1608 358 1634 me
373 1595 471 1646 zpso]
527 1595 672 1634 Cicero
692 1595 724 1633 is
747 1595 843 1634 here
863 1595 976 1635 seek-

150 1647 222 1700 ing
250 1654 292 1687 to
330 1661 468 1688 secure
504 1649 766 1688 benevolentia
802 1649 858 1701 by
889 1649 979 1689 self-

147 1701 425 1754 justification.
505 1702 637 1741 Halm
680 1715 892 1755 compares
929 1703 981 1742 de

151 1755 396 1795 Inventione
415 1765 431 1794 1
450 1757 471 1804 ξ
493 1768 559 1795 22.

205 1809 388 1858 instituo]
434 1808 497 1847 for
520 1808 740 1849 indicative
765 1822 834 1850 see
859 1810 981 1849 Mad-

151 1863 221 1914 vig
240 1863 260 1910 §
280 1874 369 1914 339,
393 1862 468 1902 obs
489 1875 510 1900 2
533 1875 568 1901 c.

205 1928 289 1954 non
308 1916 507 1968 quo...sed
520 1916 583 1966 ut]
622 1916 796 1969 Madvig
813 1918 835 1966 ἓ
856 1925 933 1968 357
954 1917 982 1957 b

153 1968 238 2008 obs.

206 2022 278 2061 hoc
301 2022 348 2061 in
367 2022 549 2074 tempore]
608 2022 736 2063 Sorof
751 2023 846 2063 well
870 2037 981 2063 com-

151 2088 271 2128 pares
290 2089 366 2130 pro
386 2076 503 2116 Sulla
521 2078 564 2125 gg
589 2089 688 2115 1—2
710 2090 755 2116 as
772 2078 982 2130 generally

152 2129 326 2182 parallel
345 2135 388 2169 to
408 2130 488 2170 this
507 2143 688 2182 passage.

205 2182 245 2222 ii.
270 2194 305 2232 3.
364 2184 550 2232 rationis]
589 2197 614 2222 a
639 2190 790 2234 system
819 2184 866 2223 of
888 2184 980 2236 phi-

151 2234 339 2288 losophy,
358 2237 524 2288 namely
547 2237 617 2276 the
644 2237 769 2277 Stoic.
832 2238 978 2278 Halm.

154 2288 358 2341 Compare
385 2290 437 2329 de
465 2291 528 2329 off
552 2300 607 2329 111
633 2291 653 2338 ἓ
677 2303 728 2330 20
751 2291 830 2330 erit
849 2297 981 2331 autem

152 2341 247 2382 haec
257 2343 449 2394 formula
472 2345 695 2383 Stoicorum
722 2345 878 2384 rationi
903 2346 982 2385 dis-

153 2395 395 2448 ciplinaeque
464 2398 642 2436 maxime
705 2403 977 2448 consentanea,

155 2449 273 2488 Acad
293 2459 310 2489 1
331 2451 353 2498 ἕ
375 2462 425 2500 34
452 2451 525 2502 qui
540 2451 680 2502 primi
701 2452 887 2491 Platonis
913 2466 981 2492 ra-

100 2541 108 2548 ,
154 2502 298 2542 tionem
333 2505 682 2556 auctoritatemque
718 2511 980 2556 susceperant.

157 2554 313 2596 Seneca
331 2557 416 2596 dial
438 2567 508 2596 XII
537 2571 562 2610 9
590 2561 611 2607 ξ
643 2569 664 2607 3
688 2571 779 2610 says
797 2561 981 2599 omnium

155 2609 370 2660 qfficiorum
384 2617 481 2651 recte
487 2611 844 2662 dispensandorum
860 2614 975 2654 ratio.

210 2663 269 2701 ad
292 2664 495 2714 normam]
524 2666 621 2715 πρὸς
657 2667 814 2707 κανόνα.
874 2667 980 2707 deri-

151 2715 273 2767 genti.
334 2717 412 2757 See
431 2731 485 2758 on
504 2720 526 2767 ἓ
548 2728 610 2770 77.
715 2761 719 2765 ,

211 2771 423 2820 momenta]
470 2772 559 2811 ‘the
602 2771 770 2812 relative
811 2772 975 2824 weight,

157 2819 299 2861 claims
319 2821 624 2877 of'...compare
649 2828 670 2875 ἕ
704 2827 750 2865 18
771 2827 874 2877 pari
899 2840 981 2866 mo-

157 2879 287 2914 mento
319 2878 448 2916 sortis.
523 2880 672 2918 Orator
706 2881 728 2928 ἓ
765 2890 816 2931 47
854 2894 980 2931 argu-

119 2933 124 2938 *
158 2932 382 2969 mentorum
417 2937 626 2983 momenta,
659 2933 743 2972 and
773 2946 821 2974 so
857 2935 979 2974 ratio-

1066 1607 1181 1642 num,
1205 1595 1430 1641 verborum,
1453 1595 1523 1635 ἃς.

1113 1649 1386 1699 perpendenti]
1407 1662 1474 1687 see
1494 1662 1547 1688 on
1567 1650 1588 1697 ἓ
1611 1658 1671 1699 77.

1117 1702 1255 1753 officio]
1290 1701 1502 1749 ‘service,'
1530 1703 1591 1742 z‘.e.
1627 1703 1697 1742 the
1724 1702 1894 1744 defence

1064 1754 1112 1795 of
1126 1756 1310 1795 Murena.
1374 1755 1431 1795 So
1450 1758 1470 1804 ἓ
1491 1766 1515 1794 2
1534 1757 1581 1794 in
1601 1757 1672 1796 hoc
1689 1758 1822 1808 ffcio.

1117 1809 1283 1858 rectum]
1315 1822 1341 1848 a
1371 1810 1483 1850 Stoic
1513 1810 1640 1858 word,
1673 1811 1895 1863 purposely

1064 1863 1164 1902 used
1187 1863 1282 1902 here
1298 1880 1334 1895 =
1350 1863 1600 1914 κατόρθωμα,
1625 1877 1815 1916 compare
1841 1866 1894 1905 de

1065 1916 1165 2008 off61
1191 1918 1212 1965 ξ
1241 1916 1278 1965 8,
1303 1916 1355 1956 de
1383 1916 1441 1956 fin
1470 1927 1527 1956 111
1555 1919 1577 1966 ξ
1603 1929 1664 1967 24.
1729 1918 1806 1958 See
1838 1932 1893 1958 on

1090 1971 1107 2018 ἓ
1152 1981 1190 2017 o,
1271 1999 1280 2009 .

1065 1972 1086 2019 ἓ
1117 1979 1290 2074 ῖεὲιζςῖἔο
1317 2024 1475 2063 Tulliae
1489 2025 1536 2063 de
1557 2025 1724 2072 ambitu,
1746 2026 1894 2077 passed

1065 2076 1301 2128 inthisvery
1315 2091 1424 2128 year.
1459 2078 1598 2117 Seeon
1608 2080 1650 2127 ἓξ
1665 2078 1728 2127 46,
1747 2080 1888 2130 47,67.

1119 2130 1216 2182 uno]
1239 2131 1475 2171 Lambinus’
1498 2133 1722 2172 correction
1742 2133 1789 2172 of
1810 2144 1892 2172 MSS

1065 2197 1164 2223 una.
1227 2185 1371 2224 Cicero
1398 2185 1478 2224 had
1502 2186 1598 2225 held
1624 2186 1694 2226 the
1720 2187 1895 2227 election

1064 2237 1239 2287 himself,
1272 2239 1354 2277 and
1390 2238 1454 2278 his
1490 2240 1700 2291 colleague
1733 2241 1772 2280 C
1806 2242 1893 2280 An-

1065 2292 1201 2331 tonius
1253 2292 1444 2343 Hybrida
1493 2307 1576 2332 was
1628 2307 1744 2345 away
1782 2294 1894 2334 ·srom

1068 2345 1201 2384 Rome
1221 2351 1262 2386 at
1281 2346 1362 2385 this
1383 2347 1493 2393 time,
1511 2346 1686 2399 fighting
1698 2348 1887 2389 Catilina.

1069 2399 1214 2438 Hence
1231 2405 1302 2438 too
1322 2413 1384 2439 we
1399 2413 1466 2439 see
1485 2401 1574 2440 that
1590 2401 1658 2441 the
1675 2403 1893 2442 oratorical

1065 2452 1265 2504 prolepsis
1294 2455 1337 2491 in
1381 2454 1565 2492 traditur
1596 2455 1629 2494 is
1662 2462 1734 2494 not
1767 2469 1893 2495 unna-

1066 2506 1184 2545 tural.
1244 2507 1407 2558 Zumpt.
1466 2507 1593 2547 Sorof
1610 2509 1801 2548 however
1821 2511 1893 2548 ob-

1062 2559 1166 2610 jects
1187 2559 1273 2599 that
1292 2560 1362 2599 the
1384 2562 1630 2601 renuntiatio
1656 2563 1737 2602 and
1764 2563 1893 2602 hand-

1065 2613 1137 2664 ing
1155 2626 1252 2653 over
1270 2613 1340 2652 the
1360 2613 1476 2653 office
1495 2620 1538 2654 to
1558 2629 1582 2654 a
1603 2629 1807 2656 successor
1826 2630 1895 2657 are

1065 2672 1148 2705 two
1185 2680 1282 2718 very
1314 2667 1501 2707 different
1539 2669 1686 2720 things.
1763 2671 1895 2709 Halm

1064 2719 1314 2771 conjectures
1334 2734 1420 2759 una
1439 2735 1529 2760 cum
1549 2724 1769 2763 consulatu.

1117 2775 1350 2822 sustentata]
1370 2780 1544 2814 sustenta
1565 2777 1598 2814 is
1617 2782 1690 2815 not
1708 2777 1819 2816 used.

1117 2826 1197 2878 lu's]
1213 2828 1312 2866 with
1327 2828 1477 2880 Zumpt
1492 2830 1573 2868 and
1590 2830 1644 2868 all
1662 2840 1743 2868 MSS
1761 2831 1894 2870 ‘these

1064 2881 1284 2932 every-day
1303 2880 1469 2932 things.'
1518 2883 1596 2923 See
1616 2896 1670 2922 on
1691 2885 1712 2931 ἕ
1737 2896 1797 2934 24.

1117 2935 1345 2986 repetendis]
1383 2935 1472 2975 that
1508 2936 1542 2976 is
1579 2937 1701 2976 when
1747 2937 1781 2976 B
1819 2937 1892 2977 has
