2054 3120
95 67 98 69 ’
122 103 181 162 36
321 77 325 83 ’
432 175 458 181 ῃ
675 102 824 152 PRO
867 103 914 151 L
959 68 1287 153 MURENA
1694 102 1847 171 [1vs

119 205 218 255 suis
264 215 313 256 et
357 207 527 270 populi
574 208 789 274 Romani
824 210 1127 259 ornamentis
1167 210 1451 280 amplissimi
1491 227 1687 260 causam
1727 211 1850 260 tanti

119 285 320 347 periculi
356 288 703 350 repudiassem.
779 305 941 352 neque
980 290 1111 349 enim
1146 290 1242 338 iam
1278 290 1399 339 mihi
1432 290 1547 341 licet
1579 308 1741 355 neque
1776 302 1850 341 est

120 365 374 429 integrum,
415 376 470 416 ut
507 384 673 416 meum
709 368 926 418 laborem
966 370 1223 434 hominum
1269 370 1494 433 periculis
1539 371 1849 421 sublevandis

119 463 221 496 non
267 447 554 510 impertiam.
625 466 741 497 nam
787 466 899 498 cum
945 450 1159 513 praemia
1195 450 1315 498 mihi
1354 460 1490 500 tanta
1520 468 1612 515 pro
1648 452 1740 501 hac
1777 452 1849 500 in-

120 519 303 574 dustria
343 524 439 576 sint
476 529 604 587 data,
645 538 827 591 quanta
862 538 1007 577 antea
1044 529 1245 594 nemini,
1286 529 1356 581 sic
1395 530 1631 599 existimo,
1673 532 1849 595 quibus

120 607 319 669 ceperis,
345 624 417 669 ea,
442 625 557 657 cum
591 611 797 677 adeptus
832 610 911 670 sis,
937 611 1199 677 deponere,
1233 627 1339 660 esse
1369 595 1586 661 homiriis
1621 622 1670 661 et
1702 611 1849 671 astuti

73 694 100 740 9
121 697 168 736 et
199 688 385 751 ingrati.
445 691 622 753 quodsi
646 691 759 739 licet
782 690 1017 750 desinere,
1048 690 1087 739 si
1108 700 1160 739 te
1193 700 1389 740 auctore
1412 699 1631 754 possum,
1653 692 1694 741 si
1715 691 1867 741 nulla'

119 769 331 830 inertiae,
364 772 497 819 nulla
531 770 800 833 superbiae,
830 772 965 818 nulla
997 746 1363 819 inhumanitatis
1398 763 1542 834 culpa
1575 771 1847 834 suscipitur,

118 867 210 914 ego
255 867 370 899 vero
415 851 623 900 libenter
658 851 858 901 desino:
910 851 984 900 sin
1021 861 1186 900 autem
1223 853 1337 915 fuga
1380 852 1557 914 laboris
1594 853 1847 913 desidiam,

116 930 389 992 repudiatio
425 931 700 993 supplicum
735 918 1023 994 superbiam,
1049 930 1317 979 amicorum
1351 931 1590 994 neglectio
1624 924 1851 995 improbi-

116 1018 266 1058 tatem
300 1010 532 1072 coarguit,
556 1010 785 1058 nimirum
820 1011 941 1059 haec
976 1026 1122 1059 causa
1155 1019 1228 1059 est
1262 1009 1366 1059 eius
1400 1011 1550 1070 modi,
1576 1027 1723 1075 quam
1756 1027 1851 1060 nec

117 1090 379 1139 industrius
425 1090 683 1153 quisquam
729 1107 823 1139 nec
875 1090 1146 1139 misericors
1195 1107 1289 1138 nec
1341 1090 1583 1139 officiosus
1629 1092 1849 1140 deserere

116 1170 282 1233 possit.
353 1180 502 1233 atque
538 1172 742 1221 huiusce
778 1173 846 1221 rei
884 1171 1214 1221 coniecturam
1255 1173 1319 1221 de
1359 1181 1444 1221 tuo
1476 1172 1625 1235 ipsius
1666 1171 1847 1231 studio,

118 1251 262 1309 Servi,
297 1251 527 1310 facillime⁴
555 1252 753 1315 ceperis.
825 1269 940 1300 nam
977 1251 1016 1300 si
1052 1251 1140 1301 tibi
1174 1268 1374 1301 necesse
1408 1262 1550 1315 putas
1585 1252 1733 1305 etiam
1766 1254 1851 1302 ad-

117 1329 334 1379 versariis
365 1329 633 1378 amicorum
671 1340 864 1378 tuorum
901 1331 963 1379 de
1001 1330 1123 1379 iure
1138 1331 1504 1380 consulentibus
1538 1332 1845 1394 respondere,

117 1420 164 1459 et
199 1410 238 1459 si
275 1420 412 1473 turpe
434 1410 693 1461 existimas
728 1419 776 1459 te
810 1411 1050 1459 advocato
1091 1406 1227 1458 illum
1270 1410 1447 1488 ipsum,
1490 1428 1638 1474 quern
1678 1421 1849 1461 contra

113 1490 315 1558 veneris,
339 1503 487 1539 causa
510 1492 699 1559 cadere,
723 1477 826 1540 noli
850 1500 951 1540 tam
975 1507 1081 1540 esse
1108 1490 1330 1552 iniustus,
1357 1501 1425 1552 ut,
1450 1509 1566 1540 cum
1589 1491 1662 1541 tui
1685 1494 1847 1542 fontes

111 1647 280 1687 inurere.
356 1647 470 1687 Here
493 1647 757 1698 fama=bad
799 1661 931 1688 name.

112 1714 158 1740 so
185 1701 287 1752 Virg
320 1701 415 1740 Aen
441 1711 487 1740 Vl
519 1713 594 1751 527
619 1706 657 1740 et
674 1701 842 1753 famam
863 1715 936 1741 ex-

1022 1661 1093 1699 my
1116 1654 1209 1698 part
1234 1661 1303 1687 am
1330 1648 1444 1700 quite
1470 1649 1595 1700 ready
1619 1654 1663 1688 to
1692 1650 1748 1690 do
1774 1663 1832 1690 so.
1841 1649 1852 1669 '

1025 1702 1231 1752 Compare
1280 1702 1334 1741 ad
1370 1702 1452 1740 sam
1490 1711 1539 1741 lv
1576 1701 1603 1741 6
1637 1717 1703 1755 ego
1745 1717 1847 1752 vero,

111 1755 267 1803 stingui
281 1760 455 1793 veterum
475 1755 529 1793 sic
538 1761 653 1806 posse
669 1756 881 1794 malorum.

165 1807 381 1858 integ-mm,
416 1808 531 1857 ut...]
562 1808 691 1847 Halm
729 1821 939 1860 compares

113 1860 223 1900 Tuse
242 1861 371 1913 dispv
389 1863 410 1909 ἓ
430 1860 479 1900 62
500 1862 536 1899 ei
554 1875 602 1900 ne
622 1862 824 1912 integrum
852 1875 938 1913 qut-

113 1915 199 1953 dem
235 1920 324 1953 erat
350 1921 396 1953 ut
421 1915 480 1953 ad
514 1915 710 1954 iusti‘tmm
745 1915 869 1965 remrg
873 1928 938 1953 ra-

114 1973 183 2007 ret.
247 1967 418 2019 Madvig
436 1970 458 2016 ἓ
480 1978 558 2017 374
577 1969 650 2007 obs
667 1980 705 2006 2.

163 2021 220 2060 sic
247 2022 428 2060 extlrlimo
433 2052 530 2060 ......
535 2022 706 2071 ingrati]
740 2021 761 2059 Ι
781 2020 862 2060 still
879 2033 940 2060 re-

115 2075 199 2114 tain
220 2074 300 2113 this
328 2075 508 2126 reading,
544 2074 700 2126 though
725 2075 755 2113 it
781 2075 814 2113 is
843 2075 941 2126 only

113 2126 298 2179 Zumpt’s
336 2128 577 2167 restoration
615 2127 661 2166 os
691 2137 749 2167 MS
780 2128 870 2179 Lag
897 2140 935 2178 9,

113 2182 286 2220 because
319 2181 340 2219 I
375 2180 460 2219 find
490 2194 544 2220 no
582 2181 727 2220 better.
784 2182 842 2220 At
872 2181 940 2220 the

114 2247 225 2273 same
246 2235 344 2274 time
364 2235 383 2273 I
404 2234 482 2274 feel
507 2235 659 2273 certain
680 2234 767 2274 that
794 2235 940 2274 Cicero

113 2301 236 2327 never
255 2295 380 2327 wrote
393 2287 462 2327 the
474 2288 618 2327 above.
648 2288 738 2328 The
752 2295 941 2327 sentence

114 2341 147 2380 is
176 2348 245 2380 too
272 2348 436 2392 corrupt
458 2340 521 2380 for
542 2354 567 2380 a
592 2341 744 2381 certain
772 2348 942 2380 restora-

114 2396 212 2433 tion.
285 2394 509 2433 Steinmetz
545 2394 640 2433 well
677 2407 888 2446 compares
916 2407 941 2433 a

114 2447 315 2499 fragment
343 2447 390 2486 of
422 2448 528 2487 Cato
557 2447 626 2487 the
653 2461 807 2495 censor,
841 2461 940 2487 nam

105 2501 387 2552 pm'ttt‘um'uttt
414 2502 494 2548 siet,
531 2514 622 2539 cum
661 2501 767 2540 mihi
802 2501 847 2539 ob
883 2514 943 2540 eos

115 2567 254 2601 mores,
274 2567 371 2605 quos
375 2555 499 2605 prius
516 2554 650 2601 habui,
674 2555 797 2594 honos
807 2555 935 2603 detur,

114 2607 186 2646 ubi
218 2608 339 2646 datus
374 2612 439 2655 est,
477 2613 566 2646 tum
599 2607 664 2647 uti
696 2621 756 2647 eos
792 2613 940 2647 mutem

112 2665 230 2713 atque
245 2660 324 2699 alii
339 2661 447 2699 modi
462 2660 552 2699 sim.

168 2726 194 2765 9
246 2719 285 2752 te
298 2713 471 2763 auctore]
486 2727 539 2752 on
554 2726 656 2765 your
672 2713 879 2765 authority
897 2726 945 2753 or

115 2766 431 2818 responsibility.
491 2779 538 2805 so
565 2767 617 2805 de
646 2774 734 2806 orat
762 2777 817 2805 111
842 2770 864 2816 ς
892 2779 943 2817 54

86 2857 90 2861 .
111 2833 241 2872 quare
255 2821 348 2859 istos
363 2833 498 2859 omnes
514 2833 577 2859 me
600 2826 760 2860 auctore
779 2821 946 2860 den‘dete

111 2878 233 2925 atque
248 2874 492 2912 contemmte.

165 2924 278 2978 vero]
307 2925 392 2978 lays
423 2932 544 2966 stress
573 2938 625 2966 on
659 2940 735 2978 ego.
804 2927 851 2966 ⁴1
880 2926 943 2966 sor

1023 1756 1151 1804 Servi,
1176 1755 1345 1794 vellem..
1353 1755 1420 1794 ,ad
1435 1755 1476 1806 Q
1500 1755 1667 1795 fratrem
1687 1766 1724 1796 11
1753 1767 1774 1807 7
1792 1759 1851 1810 (9)

1022 1810 1044 1857 ἓ
1077 1821 1111 1848 1.

1078 1862 1226 1912 studzb]
1246 1863 1258 1883 ‘
1272 1861 1386 1911 line,’
1411 1861 1689 1914 ‘profession.'
1728 1863 1850 1903 Com-

1025 1927 1124 1966 pare
1142 1917 1186 1964 §§
1205 1914 1272 1963 66,
1298 1923 1362 1964 75,
1381 1915 1500 1954 Lucil
1519 1916 1647 1956 iucert
1669 1933 1691 1966 4
1718 1918 1797 1956 uni
1813 1930 1853 1957 se

1024 1969 1153 2019 adque
1172 1969 1295 2009 eidem
1324 1968 1454 2007 studz'o
1488 1982 1621 2008 omnes
1654 1971 1789 2010 dedere
1814 1976 1854 2011 et

1024 2022 1120 2061 arti.

1077 2074 1358 2124 cantaturam]
1378 2087 1569 2127 compare
1580 2077 1603 2124 ἓ
1621 2090 1688 2125 44.

1077 2129 1145 2168 Se»
1151 2129 1213 2178 vi]
1240 2128 1341 2168 with
1354 2128 1528 2180 friendly
1546 2129 1780 2183 familiarity
1794 2131 1850 2172 he

1025 2194 1117 2221 uses
1137 2182 1207 2221 the
1226 2188 1476 2234 praenomen
1502 2182 1611 2233 only,
1643 2183 1739 2224 here
1765 2185 1849 2225 and

1026 2235 1282 2275 elsewhere
1271 2248 1314 2275 111
1342 2235 1412 2275 the
1436 2235 1599 2287 speech,
1627 2236 1748 2276 when
1775 2239 1847 2277 a'd-

1024 2288 1211 2340 dressing
1252 2288 1487 2340 Sulpicius·
1474 2318 1488 2337 ,
1525 2301 1572 2328 so
1598 2289 1699 2328 with
1725 2290 1846 2336 Cato,

1023 2343 1046 2390 ἓ
1083 2353 1144 2390 13.
1219 2342 1368 2394 Zumpt
1404 2354 1614 2394 compares
1642 2343 1737 2382 Hor
1772 2344 1848 2384 Sat

1026 2405 1043 2434 1
1081 2406 1126 2445 15
1159 2407 1209 2446 32
1233 2396 1415 2447 gaudent
1426 2395 1691 2446 praeno'mine
1715 2399 1848 2438 molles

1022 2450 1240 2488 auriculae.

1077 2500 1323 2554 respomlere]
1340 2513 1408 2540 see
1426 2513 1481 2540 on
1498 2502 1520 2549 5
1544 2513 1604 2554 19.

1077 2560 1115 2594 te
1127 2554 1330 2604 advocato]
1353 2554 1495 2594 ‘when
1513 2567 1615 2605 your
1631 2555 1800 2606 opinion
1811 2557 1846 2597 is

1021 2607 1176 2648 taken.’
1220 2608 1434 2656 adamatus
1445 2607 1487 2646 in
1502 2606 1679 2648 Cicero's
1693 2609 1838 2650 time:

1025 2674 1050 2700 a
1067 2661 1232 2706 backer,
1258 2661 1386 2700 hence
1403 2673 1484 2711 any
1499 2660 1607 2712 legal
1625 2662 1843 2704 assistant:

1024 2721 1096 2754 not
1111 2727 1163 2753 an
1184 2713 1428 2761 ‘advocate‚’
1441 2726 1488 2753 as
1498 2714 1539 2752 in
1550 2714 1837 2756 laterauthors.

1026 2780 1218 2819 compare
1246 2766 1338 2806 Phil
1366 2775 1383 2805 1
1418 2768 1440 2815 ἓ
1472 2765 1534 2812 16,
1562 2780 1639 2819 pro
1665 2768 1775 2809 Caec
1802 2771 1844 2819 Ξ
1915 2827 1922 2832 ἡ

1027 2832 1091 2871 24,
1114 2832 1182 2871 43,
1202 2820 1286 2860 Ter
1303 2819 1455 2871 adelph
1474 2829 1522 2858 lv
1542 2833 1564 2870 5
1594 2831 1658 2869 43.

1076 2886 1198 2913 causa
1215 2872 1366 2922 cadere]
1383 2879 1426 2912 to
1443 2873 1496 2912 be
1520 2873 1754 2914 non-suited
1777 2874 1842 2915 for
1874 2895 1880 2907 ι
1940 2863 1945 2870 ’

1023 2926 1274 2979 insonnality
1307 2926 1349 2965 in
1396 2925 1602 2980 pleading.
1690 2927 1840 2981 Zumpt
