2054 3120
673 78 821 127 PRO
865 78 911 126 L
956 78 1285 127 MURENA
1792 90 1851 140 95

122 80 348 129 XXXIV
374 76 456 144 71]
1470 138 1504 153 R

121 187 303 237 tionis?
370 186 544 237 omitto
591 186 809 245 clientes,
858 185 1060 246 vicinos,
1110 185 1325 246 tribules,
1377 185 1640 235 exercitum
1698 193 1856 234 totum

122 267 328 327 Luculli,
366 267 449 330 qui
484 268 547 316 ad
583 250 882 329 triumphum
922 283 1010 330 per
1044 283 1129 316 eos
1171 267 1275 315 dies
1310 274 1537 315 venerat:
1583 266 1682 314 hoc
1727 265 1853 325 dico,

121 346 441 410 frequentiam
471 346 522 395 in
552 347 647 395 isto
677 346 839 395 officio
866 346 1126 410 gratuitam
1152 363 1254 395 non
1278 347 1430 395 modo
1455 345 1677 409 dignitati
1711 344 1855 393 ullius

122 443 368 490 umquam,
407 428 494 476 sed
528 444 592 476 ne
627 427 866 490 voluptati
902 427 1103 490 quidem
1139 425 1361 475 defuisse.
1436 432 1513 475 ‘at
1549 427 1858 475 sectabantur
1878 426 1939 475 70

119 507 288 556 multi.'
358 508 484 556 doce
518 508 774 556 mercede:
810 508 1082 556 concedam
1119 523 1224 556 esse
1257 506 1453 556 crimen.
1525 507 1622 555 hoc
1656 506 1856 569 quidem

120 593 322 644 remoto,
360 585 478 647 quid
513 584 865 647 reprehendis?
936 585 1083 648 ‘quid
1108 601 1232 648 opus
1260 587 1360 645 est,'
1386 584 1556 648 inquit,
1585 589 1596 611 ‘
1613 585 1857 634 sectatori-

120 667 263 716 bus·?’
332 681 505 714 XXXIV.
544 683 574 714 a
596 683 677 715 me
701 676 753 715 tu
777 666 828 715 id
852 666 1059 729 quaeris,
1077 667 1194 730 quid
1214 683 1337 730 opus
1357 667 1417 716 sit
1442 684 1514 727 eo,
1542 684 1640 730 quo
1665 684 1855 731 semper

120 746 191 796 usi
214 748 418 795 sumus?
485 747 709 795 homines
734 756 906 796 tenues
930 764 1084 796 unum
1107 748 1290 798 habent
1314 747 1363 796 in
1387 758 1604 797 nostrum
1631 748 1853 798 ordinem

117 835 202 877 aut
234 827 547 891 promerendi
580 837 664 876 aut
697 827 936 876 referendi
963 828 1189 877 beneficii
1223 830 1401 888 locum,
1428 830 1557 877 hanc
1590 829 1641 877 in
1675 829 1852 880 nostris

116 908 432 972 petitionibus
458 925 656 971 operam
680 918 827 971 atque
851 909 1248 958 adsectationem.
1304 925 1464 972 neque
1489 908 1620 958 enim
1644 909 1747 958 fieri
1770 926 1855 972 po-

115 999 210 1040 test
243 1007 404 1053 neque
439 990 788 1053 postulandum
813 999 886 1038 est
909 1007 938 1038 a
961 989 1104 1038 nobis
1127 999 1211 1037 aut
1241 990 1304 1038 ab
1329 989 1572 1052 equitibus
1597 988 1850 1049 Romanis,

114 1078 169 1119 ut
192 1086 305 1120 suos
329 1058 627 1119 necessarios
652 1069 941 1119 candidatos
964 1071 1276 1119 adsectentur
1298 1079 1429 1118 totos
1453 1069 1571 1129 dies,
1609 1086 1639 1117 a
1674 1069 1851 1132 quibus

114 1150 154 1199 si
182 1151 360 1200 domus
391 1159 559 1200 nostra
586 1151 884 1211 celebratur,
910 1150 949 1199 si
983 1150 1230 1199 interdum
1259 1151 1324 1199 ad
1359 1152 1516 1199 forum
1547 1149 1846 1212 deducimur,

114 1230 154 1280 si
176 1248 275 1280 uno
299 1218 529 1281 basilicae
549 1232 707 1295 spatio
732 1217 1063 1292 honestamur,
1081 1232 1338 1295 diligenter
1362 1232 1606 1281 observari
1629 1233 1851 1282 videmur

114 1319 163 1360 et
196 1311 323 1360 coli:
373 1313 650 1361 tenuiorum
685 1310 955 1360 amicorum
1004 1321 1053 1360 et
1096 1328 1200 1360 non
1241 1321 1590 1374 occupatorum
1639 1321 1713 1361 est
1757 1311 1850 1361 ista

111 1391 381 1451 assiduitas,
430 1408 640 1454 quorum
682 1392 826 1455 copia
863 1391 1007 1441 bonis
1042 1392 1154 1440 viris
1191 1401 1240 1441 et
1273 1391 1504 1441 beneficis
1541 1393 1711 1441 deesse
1745 1408 1848 1441 non

112 1473 248 1521 solet.
319 1471 422 1520 noli
453 1472 596 1535 igitur
627 1472 811 1535 eripere
843 1474 975 1521 hunc
1003 1472 1215 1522 inferiori
1241 1473 1406 1536 generi
1438 1473 1692 1522 hominum
1726 1475 1848 1523 fruc·
1869 1481 1928 1529 '71

111 1562 215 1602 turn
240 1553 399 1615 officii,
428 1556 554 1604 Cato
577 1573 587 1604 t
623 1554 727 1603 sine
763 1570 862 1614 eos,
900 1554 985 1617 qui
1020 1554 1186 1603 omnia
1208 1570 1238 1602 a
1260 1554 1403 1603 nobis
1432 1564 1640 1617 sperant,
1667 1555 1857 1603 habere,

81 1631 241 1696 'ipsos
276 1651 476 1697 quoque
510 1634 710 1697 aliquid,
749 1635 885 1696 quod
931 1634 1076 1682 nobis
1122 1634 1332 1683 tribuere
1377 1633 1578 1696 possint.
1653 1634 1693 1682 si
1726 1634 1846 1682 nihil

110 1714 198 1764 erit
230 1725 422 1778 praeter
455 1715 670 1778 ipsorum
707 1714 999 1777 suffragium,
1037 1724 1186 1764 tenue
1222 1725 1308 1774 est,
1341 1715 1393 1775 si,
1429 1725 1482 1763 ut
1512 1718 1842 1779 suffragentur,

1069 1836 1210 1888 spatio]
1248 1837 1348 1876 with
1385 1849 1410 1876 a
1446 1837 1576 1888 single
1612 1842 1706 1877 turn
1741 1837 1785 1877 in
1821 1852 1846 1878 a

1017 1891 1157 1943 public
1176 1890 1274 1929 hall.
1318 1890 1409 1930 The
1428 1891 1610 1930 basilicae
1626 1904 1732 1931 were
1743 1893 1844 1932 used

158 1946 390 1995 exercitum]
419 1959 610 1998 compare
629 1949 650 1995 ἓ
671 1956 732 1997 37.
1019 1945 1073 1995 (a)
1095 1958 1139 1984 as
1169 1950 1304 1984 courts
1333 1944 1379 1984 of
1398 1943 1558 1996 justice,
1587 1945 1644 1996 (b)
1671 1959 1716 1986 as
1748 1959 1841 1998 pro-

159 2000 230 2038 lzoc
258 2000 358 2049 dico]
405 2000 501 2040 ‘but
526 2001 606 2040 this
638 1999 762 2040 much
794 2000 816 2039 Ι
846 1999 931 2039 will
1015 1998 1218 2038 menades.

106 2051 207 2104 say.’
263 2067 345 2092 non
364 2055 489 2093 modo.
552 2055 596 2094 ‘1
626 2055 681 2093 do
706 2059 779 2093 not
798 2067 869 2104 say
888 2060 930 2092 to
1070 2062 1115 2103 71
1163 2052 1374 2104 fructum]
1413 2052 1483 2092 the
1522 2052 1759 2105 enjoyment
1796 2067 1843 2094 or

108 1832 236 1890 large'
256 1838 414 1890 throng.
452 1819 655 1890 Compare
675 1838 726 1877 de
746 1844 834 1877 orat
855 1847 891 1876 11
911 1839 932 1887 ἐξ

109 1891 184 1942 361
205 1905 420 1931 sermonem
439 1892 532 1932 bene
551 1895 720 1944 longum
741 1892 927 1932 hominis.

106 2107 286 2146 enhance
304 2120 329 2146 a
346 2106 476 2147 man's
494 2108 683 2159 personal
703 2108 842 2153 credit,
858 2107 931 2146 but

106 2159 254 2212 simply
290 2166 333 2200 to
377 2161 471 2212 give
516 2161 602 2200 him
649 2161 928 2201 satisfaction.'

107 2213 308 2265 Compare
327 2214 378 2253 de
398 2215 484 2267 imp
505 2215 570 2254 Cn
591 2216 723 2266 Pomp
742 2217 763 2263 ξ
784 2214 846 2254 66.

150 2268 394 2318 gratuitam]
421 2269 648 2320 voluntary,
679 2269 864 2320 opposed
886 2273 929 2308 to

105 2321 279 2361 mercede.

159 2385 208 2423 70
259 2375 322 2424 at]
349 2375 419 2415 the
444 2376 595 2416 second
619 2376 755 2415 clause
780 2376 814 2415 is
832 2389 927 2415 now

103 2426 212 2468 dealt
228 2428 339 2469 with.
401 2429 605 2482 Compare
634 2432 655 2478 ἓ
688 2429 751 2480 67.
811 2436 925 2469 secta·

102 2479 260 2522 bantur.
319 2483 334 2522 i
353 2495 375 2522 e
395 2483 541 2535 during
560 2484 628 2523 the
647 2497 825 2523 canvass.

152 2535 274 2574 xxxiv
327 2537 454 2586 nobis]
487 2539 558 2577 ‘us
577 2536 787 2577 senators.'

153 2589 398 2639 candidatos]
439 2591 560 2646 when
596 2592 693 2643 they
730 2591 833 2630 have
871 2604 925 2630 on

101 2639 205 2680 their
238 2647 327 2694 toga
362 2645 546 2693 candida,
579 2645 594 2684 i
618 2658 641 2685 e
677 2657 746 2684 are
774 2645 925 2697 openly

100 2697 283 2747 engaged
300 2696 343 2736 in
362 2698 611 2750 canvassing.

151 2761 179 2786 a
211 2750 355 2801 quibus
389 2751 428 2789 si
430 2781 526 2790 ......
532 2752 548 2800 ]
594 2765 640 2792 so
683 2756 778 2792 auct
819 2751 923 2803 petit

99 2812 198 2842 cons
236 2803 258 2850 ξ
297 2815 349 2853 34
385 2804 498 2855 gives
543 2805 614 2845 the
650 2805 764 2845 three
799 2805 923 2845 kinds

99 2853 147 2892 of
180 2856 398 2904 adsectatio,
439 2858 503 2896 viz
537 2859 820 2908 salutatorum,
861 2859 922 2898 de-

97 2906 317 2959 ductorum,
338 2911 635 2952 adsectatorum.

1013 2105 1136 2158 profit
1171 2106 1306 2145 which
1344 2106 1449 2146 their
1494 2107 1648 2146 service
1684 2107 1836 2159 brings,

1013 2160 1175 2212 namely
1189 2160 1258 2199 the
1275 2173 1427 2212 games‚
1447 2160 1647 2213 banquets
1666 2166 1730 2201 etc
1747 2174 1839 2214 pro-

1013 2214 1136 2253 vided
1167 2213 1231 2252 for
1262 2215 1375 2253 them
1404 2215 1460 2265 by
1492 2214 1561 2254 the
1597 2214 1761 2255 holders
1799 2215 1846 2255 of

1012 2267 1158 2307 offices.
1216 2268 1300 2307 For
1317 2267 1387 2307 the
1405 2268 1582 2319 genitive
1597 2281 1663 2308 see
1683 2281 1737 2308 on
1757 2271 1776 2318 ἓ
1800 2282 1832 2310 1.

1012 2321 1063 2359 In
1082 2323 1103 2370 ς
1121 2331 1169 2371 77
1181 2335 1244 2360 we
1263 2321 1366 2360 have
1385 2334 1410 2360 a
1428 2322 1615 2362 different
1634 2328 1836 2363 construe-

1010 2375 1098 2414 tion
1130 2376 1212 2414 and
1242 2375 1371 2415 hence
1394 2388 1420 2414 a
1445 2376 1633 2416 different
1651 2376 1776 2417 shade
1796 2377 1844 2417 of

1007 2429 1210 2480 meaning.

1061 2483 1109 2531 si,
1139 2490 1187 2521 ut
1206 2482 1497 2535 suffragentur]
1527 2497 1569 2524 sc
1600 2484 1687 2530 erit,
1709 2490 1753 2524 to
1783 2485 1835 2524 be

1008 2536 1198 2588 supplied
1226 2536 1332 2575 from
1361 2537 1506 2576 above.
1568 2538 1635 2576 ‘If
1665 2539 1694 2577 it
1726 2539 1760 2578 is
1790 2545 1835 2578 to

1011 2590 1060 2628 be
1108 2590 1212 2629 their
1247 2596 1417 2642 support
1453 2593 1496 2630 in
1541 2592 1835 2643 canvassing—

1007 2643 1113 2695 why,
1135 2643 1240 2682 their
1257 2643 1456 2685 influence
1469 2645 1502 2684 is
1513 2645 1712 2696 nothing!
1754 2647 1847 2695 We⁴

1008 2696 1094 2736 find
1121 2697 1348 2749 suffragari
1374 2699 1624 2750 continually
1654 2698 1756 2738 used
1791 2699 1834 2738 in

1008 2751 1089 2789 this
1119 2763 1247 2791 sense.
1311 2752 1364 2791 de
1393 2752 1455 2791 off
1486 2762 1503 2791 1
1536 2753 1556 2800 ς
1590 2753 1664 2802 138
1693 2753 1837 2792 domus

1005 2804 1230 2856 suffragata
1258 2805 1431 2852 domino,
1465 2819 1541 2857 pro
1575 2806 1702 2845 Plane
1737 2808 1758 2855 ἓ
1795 2820 1827 2855 1,

1007 2865 1082 2906 etc,
1125 2859 1200 2898 but
1235 2858 1305 2898 the
1332 2859 1424 2899 best
1454 2859 1637 2899 instance
1673 2859 1707 2899 is
1739 2868 1833 2900 auct

1007 2912 1109 2965 petit
1128 2925 1227 2952 cons
1245 2914 1267 2962 ἓ
1288 2912 1338 2952 28
1364 2913 1411 2952 in
1440 2925 1480 2952 eo
1514 2927 1630 2965 quem
1656 2913 1833 2954 homines
