2054 3120
160 92 386 143 XXXIX
410 86 494 155 84]
716 89 867 138 PRO
911 88 956 136 L
1002 86 1328 137 MURENA

161 197 453 263 gubernatis.
526 196 565 245 si
602 198 644 244 L
669 196 883 246 Catilina
918 211 1032 243 cum
1058 212 1147 244 suo
1172 194 1379 244 consilio
1414 193 1708 243 nefariorum
1743 194 1897 242 homi-

161 295 293 338 num,
328 294 454 340 quos
487 275 871 347 secumpeduxit,
906 277 1000 323 hac
1036 277 1098 323 de
1130 291 1181 323 re
1211 283 1379 337 posset
1408 273 1639 334 iudicare,
1666 274 1897 322 condem-

163 367 301 407 naret
347 360 390 406 L
427 360 700 416 Murenam,
750 356 790 404 si
836 355 1110 403 interficere
1155 363 1338 417 posset,
1379 353 1638 402 occideret.
1722 362 1896 416 petunt

163 438 295 487 enim
319 437 533 495 rationes
557 437 700 493 illius,
726 446 781 485 ut
806 437 1005 484 orbetur
1027 435 1206 483 auxilio
1230 451 1305 482 res
1329 433 1541 497 publica,
1573 444 1626 482 ut
1649 432 1896 482 minuatur

162 527 332 568 contra
367 534 511 566 suum
548 520 760 566 furorem
796 517 1142 579 imperatorum
1179 514 1336 577 copia,
1390 521 1445 562 ut
1489 513 1645 562 maior
1689 515 1894 562 facultas

161 598 366 647 tribunis
401 598 559 661 plebis
589 599 747 656 detur,
786 598 993 658 depulso
1026 595 1318 654 adversario,
1357 593 1611 664 seditionis
1635 610 1694 641 ac
1719 593 1896 642 discor-

159 679 269 727 diae
293 678 631 727 concitandae.
703 677 902 726 idemne
927 676 1070 739 igitur
1094 675 1272 725 delecti
1299 674 1609 737 amplissimis
1636 691 1694 723 ex
1718 673 1896 722 ordini-

160 760 252 807 bus
276 757 607 806 honestissimi
632 766 779 819 atque
805 756 1149 819 sapientissimi
1181 756 1269 804 viri
1301 756 1609 815 iudicabunt,
1643 756 1778 818 quod
1812 755 1893 803 ille

159 838 598 906 importunissimus
632 839 884 901 gladiator,
912 837 1064 886 hostis
1089 838 1156 886 rei
1181 837 1407 900 publicae
1436 837 1706 886 iudicaret?
1773 835 1890 883 mihi
1910 798 2010 895 ἵῑζ·

163 920 362 980 credite,
410 919 612 979 iudices,
662 920 711 967 in
759 921 852 967 hac
900 936 1048 967 causa
1094 935 1195 966 non
1244 920 1403 966 solum
1451 918 1514 966 de
1556 920 1598 965 L
1634 919 1888 977 Murenae,

158 1017 327 1048 verum
351 999 497 1048 etiam
523 1001 584 1048 de
608 1009 768 1048 vestra
803 1001 954 1048 salute
992 998 1283 1047 sententiam
1307 998 1484 1046 feretis.
1553 998 1605 1045 in
1630 996 1890 1046 discrimen

160 1090 429 1129 extremum
453 1081 674 1147 venimus
694 1101 702 1130 :
739 1080 860 1127 nihil
885 1093 959 1128 est
982 1080 1095 1139 iam,
1126 1080 1259 1127 unde
1283 1096 1375 1127 nos
1399 1078 1671 1127 reficiamus
1696 1087 1781 1126 aut
1805 1077 1891 1126 ubi

159 1161 283 1224 lapsi
304 1160 599 1218 resistamus.
671 1177 773 1208 non
800 1162 956 1208 solum
982 1156 1252 1208 minuenda
1274 1176 1377 1208 non
1403 1169 1517 1207 sunt
1540 1158 1736 1219 auxilia,
1764 1175 1890 1221 quae

158 1246 410 1304 habemus,
437 1247 524 1293 sed
550 1245 698 1293 etiam
722 1262 866 1304 nova,
905 1244 943 1292 si
979 1245 1284 1313 fierijpossit,
1321 1243 1666 1306 comparanda.
1737 1244 1891 1291 hostis

159 1334 234 1373 est
261 1324 392 1373 enirn
424 1341 525 1373 non
557 1326 691 1386 apud
717 1315 973 1383 Anienem,
1007 1311 1146 1387 ’quod
1178 1326 1309 1373 bello
1344 1323 1531 1371 Punico
1555 1323 1890 1386 gravissimum

156 1404 315 1453 visum
352 1413 438 1464 est,
476 1405 563 1453 sed
597 1404 647 1452 in
683 1407 818 1463 urbe,
856 1405 906 1452 in
941 1404 1169 1453 foro—di
1203 1405 1531 1454 immortales!
1567 1404 1671 1453 sine
1706 1404 1892 1467 gemitu

157 1487 254 1535 hoc
277 1485 375 1534 dici
398 1502 500 1534 non
524 1494 858 1548 potest—non
894 1502 1042 1534 nemo
1079 1485 1226 1533 etiam
1251 1485 1302 1532 in
1320 1485 1404 1533 illo
1425 1470 1633 1532 sacrario
1668 1484 1737 1532 rei
1772 1485 1894 1546 pub-

158 1565 295 1625 licae,
331 1565 382 1613 in
416 1565 536 1628 ipsa,
574 1565 788 1627 inquam,
828 1565 962 1613 curia
997 1582 1099 1613 non
1133 1582 1283 1614 nemo
1308 1566 1462 1614 hostis
1489 1574 1575 1613 est2
1648 1565 1698 1612 di
1722 1558 1890 1624 faxint,

159 1656 213 1696 ut
246 1663 385 1696 meus
421 1648 625 1710 collega,
651 1646 723 1694 vir
756 1642 1062 1705 fortissimus,
1098 1647 1194 1695 hoc
1221 1646 1465 1695 Catilinae
1490 1646 1730 1694 nefarium
1753 1646 1896 1693 latro-

1804 101 1893 148 107

209 1788 573 1838 consilio]=bench
593 1788 640 1827 of
653 1787 813 1839 judges.
872 1789 982 1828 Cati-

158 1841 239 1881 line
267 1843 300 1881 is
329 1843 590 1894 represented
621 1841 830 1893 (fingitur)
852 1856 896 1881 as
915 1843 983 1881 sit-

158 1896 245 1947 ting
271 1896 313 1934 in
337 1895 553 1947 judgment
587 1909 641 1934 on
677 1897 850 1935 Murena
883 1896 983 1935 with

157 1949 219 1988 his
238 1949 665 2002 fello'w-conspirators
684 1949 746 1988 for
759 1949 863 2001 jury.

134 2037 139 2041 .
207 2003 361 2053 eduxit]
379 2016 424 2045 so
444 2003 486 2042 in
506 2004 614 2043 Catil
634 2013 667 2042 11
688 2006 709 2052 ἓ
729 2019 765 2054 4.

207 2057 246 2095 si
270 2062 400 2108 posset
432 2057 513 2106 etc]
550 2057 631 2096 this
663 2057 697 2096 is
734 2057 889 2108 quoted
925 2057 981 2107 by

157 2108 286 2158 Quint
315 2120 345 2148 V
382 2123 430 2150 10
454 2113 475 2159 ξ
505 2123 556 2163 99
589 2124 633 2149 as
662 2124 714 2149 an
736 2111 917 2149 instance
941 2110 988 2149 of

155 2169 393 2212 argumenta
429 2165 547 2202 ducta
589 2178 615 2202 a
646 2165 827 2221 fictione,
877 2164 986 2215 quod

160 2216 300 2255 Graeci
317 2215 404 2256 καθ’
426 2217 609 2257 ὑπόθεσιν
626 2223 779 2256 vocant.
844 2218 899 2257 So
920 2219 982 2256 Ar

158 2269 295 2309 Rhet1
322 2269 347 2310 6
367 2272 388 2319 ξ
415 2283 461 2323 19
483 2273 548 2309 καὶ
569 2269 614 2309 οὗ
632 2271 677 2309 τό
704 2272 874 2310 ἐναντίον
899 2273 980 2310 τοῖς

157 2323 308 2373 ἐχθροῖς
327 2326 516 2373 συμφέρει
537 2323 733 2376 (ἀγαθόν).
776 2325 982 2376 Compare

156 2375 263 2416 Iliad
288 2387 303 2416 1
337 2390 412 2428 255
450 2377 475 2426 ἦ
499 2393 563 2417 κεν
587 2380 766 2428 ’γηθήσαι
789 2380 976 2428 Πρίαμος,

158 2428 259 2481 Virg
277 2430 369 2470 Aen
389 2441 424 2471 11
449 2443 522 2480 104
547 2433 619 2471 hoc
636 2433 802 2471 Ithacus
821 2433 917 2471 velit
945 2438 982 2471 et

158 2495 302 2534 magno
319 2491 544 2524 mercentur
559 2486 744 2525 Atridae.

208 2537 393 2587 rationes]
417 2539 502 2578 ‘his
521 2539 669 2591 plans.'
699 2539 904 2591 Compare
925 2551 979 2577 on

158 2589 180 2669 Ξ
201 2588 252 2638 46
263 2603 276 2639 3
295 2590 486 2632 almost:
499 2592 718 2633 ‘interest.’
755 2606 830 2645 pro
853 2593 979 2632 Plane

157 2661 177 2689 δ
199 2653 260 2691 52.

208 2696 378 2747 auxilio]
396 2711 438 2739 sc
455 2700 664 2740 consulari
679 2701 700 2748 ξ
717 2701 781 2739 82.

208 2749 506 2803 imperatorum]
543 2754 644 2793 such
688 2767 733 2793 as
780 2754 970 2793 Murena.

157 2800 235 2841 See
250 2815 304 2841 on
320 2805 478 2845 scientia
496 2807 639 2847 above.

154 2855 396 2958 ontrg‘ibgulnis]
433 2859 532 2900 such
569 2873 614 2900 as
643 2860 849 2901 Metellus.
900 2861 980 2902 See

1079 1814 1081 1816 v
1118 1786 1505 1838 importunztvsz'mus]
1521 1785 1737 1825 ‘thatmost
1747 1797 1894 1835 savage

1063 1840 1111 1880 of
1132 1839 1403 1880 cut-th1·oats.’
1465 1840 1521 1879 So
1543 1840 1585 1877 in
1606 1838 1716 1878 Catil
1744 1847 1779 1876 11
1805 1839 1825 1885 ἓ
1847 1851 1890 1877 12

1063 1895 1454 1945 importunissimum
1474 1894 1633 1938 hostem,
1645 1892 1776 1931 below
1792 1894 1812 1940 ξ
1827 1893 1891 1943 85.

1111 1949 1332 1999 gladiator]
1353 1959 1542 1999 compare
1561 1949 1582 1995 ἓ
1609 1958 1669 1996 50.

1115 2002 1252 2051 lzostz’s]
1278 2004 1288 2022 ‘
1302 2002 1441 2053 public
1456 2000 1624 2053 enemy!
1655 1999 1887 2051 Emphatic,

1064 2069 1108 2095 as
1128 2056 1170 2094 in
1190 2052 1299 2095 Catil
1320 2066 1373 2094 111
1394 2057 1414 2103 ἓ
1437 2064 1496 2104 17.

1117 2110 1169 2179 ὃς,
1222 2110 1469 2158 resistamus]
1495 2108 1656 2160 ‘regain
1685 2123 1761 2150 our
1788 2111 1891 2151 foot-

1062 2162 1145 2214 ing.
1226 2163 1335 2215 This*
1346 2176 1434 2202 rare
1453 2176 1523 2202 use
1543 2163 1577 2202 is
1596 2163 1682 2202 also
1703 2165 1830 2205 found
1850 2167 1892 2205 in

1063 2216 1222 2255 Ennius
1255 2217 1423 2268 (quoted
1451 2217 1493 2255 in
1516 2217 1568 2255 de
1593 2217 1707 2257 divin
1731 2229 1746 2258 1
1774 2221 1795 2268 ἓ
1822 2222 1888 2270 41)

1050 2275 1144 2321 post
1159 2283 1208 2309 ex
1213 2270 1349 2320 fluvio
1355 2272 1534 2321 fhrtztna
1554 2272 1709 2311 resistet.

1113 2325 1228 2376 apud
1241 2324 1456 2374 Anienem]
1477 2337 1666 2376 compare
1684 2326 1762 2364 Liv
1776 2336 1890 2366 XXVI

1062 2389 1125 2416 10.
1166 2377 1360 2429 Polybius
1381 2388 1430 2416 IX
1451 2387 1471 2426 5
1490 2379 1559 2431 §9,
1575 2379 1820 2426 Mommsen,
1834 2381 1892 2420 bk

1060 2440 1116 2469 ΙΙΙ
1150 2444 1171 2470 c
1202 2430 1238 2470 6.
1299 2431 1401 2471 This
1429 2445 1513 2471 was
1539 2433 1579 2471 in
1611 2446 1684 2472 211
1718 2444 1789 2482 BC,
1822 2435 1892 2475 the

1058 2484 1241 2524 distance
1263 2495 1285 2533 3
1305 2498 1352 2524 or
1370 2500 1394 2535 4
1413 2486 1531 2524 miles
1551 2486 1654 2525 from
1677 2487 1820 2526 Rome.

1115 2551 1197 2576 non
1218 2539 1346 2588 nemo]
1372 2541 1382 2559 ‘
1395 2552 1471 2578 one
1492 2552 1538 2578 or
1557 2539 1666 2579 two.'
1723 2541 1890 2580 Certain

1060 2604 1228 2642 persons
1256 2605 1324 2630 are
1352 2599 1501 2639 meant,
1523 2593 1596 2632 but
1623 2599 1695 2633 not
1723 2596 1886 2635 named.

1062 2645 1268 2696 Compare
1288 2646 1461 2697 Madvig
1479 2647 1498 2694 ἓ
1519 2659 1595 2699 493
1615 2661 1649 2695 c,
1674 2648 1760 2687 obs.

1062 2751 1071 2759 ι
1112 2699 1308 2749 sacrario]
1341 2698 1510 2739 ‘shrine’
1541 2700 1588 2739 of
1610 2701 1679 2740 the
1706 2701 1890 2754 people's

1060 2758 1262 2792 interests.

1100 2805 1271 2857 faxint]
1298 2805 1367 2845 the
1394 2806 1510 2845 usual
1538 2806 1643 2846 form
1665 2807 1707 2846 in
1730 2808 1888 2849 solemn

1060 2860 1219 2963 wisgegs.
1289 2860 1493 2914 Compare
1514 2861 1648 2914 Roby,
1674 2862 1753 2901 Lat
1772 2863 1833 2902 Gr
1854 2873 1887 2902 11

1061 2925 1113 2953 20
1196 2925 1260 2953 20.
