2054 3120
140 67 369 147 XL1'90]
697 77 848 159 'PRO
892 79 938 129 L
981 79 1310 129 MURENA
1344 90 1345 93 ¹
1786 92 1837 125 11
1853 93 1872 125 1

140 205 230 252 ego
259 196 463 236 matrem
497 186 600 236 eius
632 196 717 236 aut
749 188 954 236 domum
984 187 1196 250 appello,
1223 202 1373 253 quern
1410 201 1538 234 nova
1571 201 1734 248 poena
1758 184 1877 247 legis

139 276 188 316 et
234 268 384 316 domo
431 275 481 315 et
522 276 726 329 parente
773 275 822 315 et
869 266 1092 315 omnium
1128 282 1325 314 suorum
1362 264 1723 329 consuetudine
1763 280 1878 312 con-

139 357 407 412 spectuque
442 347 634 410 privat?
718 347 808 396 ibit
848 347 991 410 igitur
1031 347 1082 395 in
1129 346 1327 395 exilium
1374 345 1532 394 miser.
1619 347 1755 407 quo?
1811 345 1872 393 ad

138 427 400 477 orientisne
424 436 600 489 partes,
627 427 674 474 in
701 427 878 489 quibus
903 443 1058 474 annos
1084 428 1264 474 multos
1290 427 1475 488 legatus
1500 425 1604 484 fuit,
1636 424 1876 474 exercitus

138 506 288 565 duxit,
314 523 390 555 res
414 506 650 555 maximas
681 506 866 569 gessit?
933 515 983 554 at
1017 506 1168 555 habet
1201 521 1433 568 magnum
1468 506 1705 565 dolorem,
1741 504 1877 553 unde

137 603 249 635 cum
274 588 460 635 honore
485 588 763 646 decesseris,
803 588 980 651 eodem
1016 603 1130 635 curn
1164 586 1434 649 ignominia
1466 585 1652 635 reverti.
1725 602 1789 634 an
1825 602 1877 635 se

136 667 188 721 in
234 668 527 716 contrariam
573 676 762 729 partem
797 676 1029 715 terrarum
1066 667 1228 726 abdet,
1265 675 1319 714 ut
1356 667 1516 716 Gallia
1561 666 1875 729 transalpina,

138 765 284 812 quem
310 765 466 811 nuper
489 765 681 797 summo
717 766 831 796 cum
866 748 1070 811 imperio
1106 747 1423 796 libentissime
1447 748 1636 808 viderit,
1664 749 1876 796 eundem

136 830 398 891 lugentem,
433 838 748 886 maerentem,
787 830 980 876 exulem
1005 829 1205 876 videat?
1272 827 1324 875 in
1360 845 1418 876 ea
1446 845 1592 890 porro
1625 828 1877 891 provincia

139 925 240 971 quo
275 907 442 956 animo
480 910 521 956 C
572 910 835 955 Murenam
881 909 1078 956 fratrem
1125 924 1267 956 suum
1312 907 1545 971 aspiciet!
1598 908 1683 971 qui
1729 909 1873 956 huius

138 990 308 1037 dolor!
378 987 464 1050 qui
510 988 636 1035 illius
674 1005 864 1036 maeror
905 989 1022 1037 erit!
1090 1005 1219 1051 quae
1259 990 1511 1052 utriusque
1557 991 1875 1038 lamentatio!
1924 1046 1932 1055 ι

137 1077 335 1131 quanta,
355 1077 521 1137 autem
550 1068 852 1130 perturbatio
883 1070 1108 1116 fortunae
1140 1078 1288 1131 atque
1324 1069 1578 1128 sermonis,
1615 1087 1744 1141 cum,
1771 1071 1877 1132 qui-

137 1150 228 1196 bus
253 1148 303 1195 in
326 1147 447 1195 locis
470 1147 640 1212 paucis
665 1157 778 1196 ante
803 1148 976 1196 diebus
999 1150 1179 1196 facturn
1206 1166 1311 1220 esse
1336 1151 1587 1198 consulem
1613 1152 1875 1213 Murenam

136 1227 295 1276 nuntii
342 1228 628 1290 litteraeque
674 1228 965 1277 celebrarint
1006 1238 1055 1277 et
1096 1230 1230 1277 unde
1270 1230 1488 1292 hospites
1534 1239 1683 1292 atque
1729 1231 1875 1279 amici

137 1309 430 1370 gratulatum
456 1310 671 1356 Romam
708 1310 1051 1368 concurrerint,
1089 1318 1289 1373 repente
1327 1310 1499 1359 existet
1533 1311 1638 1373 ipse
1674 1312 1876 1361 nuntius

128 1405 255 1437 suae
281 1389 599 1439 calamitatis!
669 1407 794 1453 quae
820 1390 859 1438 si
883 1392 1071 1448 acerba„
1113 1390 1151 1439 si
1186 1391 1374 1450 misera,
1414 1391 1454 1439 si
1488 1390 1712 1441 luctuosa
1747 1402 1873 1454 sunt,
1902 1397 1963 1443 90

62 1502 66 1505 -
140 1469 181 1518 si
214 1470 510 1538 alienissima
545 1487 574 1517 a
609 1472 986 1519 mansuetudine
1022 1482 1071 1520 et
1105 1471 1439 1521 misericordia
1461 1483 1635 1533 vestra,
1673 1473 1874 1535 iudices,

139 1560 432 1600 conservate¹
464 1551 637 1613 populi
679 1551 895 1600 Romani
940 1553 1251 1612 beneficium,
1298 1553 1490 1618 reddite
1535 1553 1605 1601 rei
1652 1554 1879 1616 publicae

141 1632 422 1680 consulem:
470 1632 583 1679 date
618 1632 715 1679 hoc
749 1631 900 1693 ipsius
937 1632 1128 1694 pudori,
1177 1633 1291 1681 date
1337 1632 1463 1695 patri
1507 1642 1715 1692 mortuo,
1764 1636 1878 1684 date

140 1709 303 1772 generi
328 1719 376 1758 et
399 1710 624 1769 familiae,
653 1711 766 1759 date
791 1711 937 1759 etiam
963 1711 1202 1772 Lanuvio,
1222 1706 1493 1775 municipio
1517 1701 1879 1774 honestissimo,

141 1789 274 1850 quod
308 1788 360 1836 in
394 1790 488 1837 hac
517 1799 621 1838 tota
656 1807 804 1838 causa
837 1792 1065 1852 frequens
1090 1801 1429 1854 maestumque
1452 1793 1654 1842 vidistis.
1725 1794 1878 1842 nolite

141 1885 167 1916 a
204 1870 349 1917 sacris
383 1869 549 1932 patriis
587 1870 792 1919 Iunonis
827 1871 1064 1933 Sospitae,
1114 1872 1193 1919 cui
1240 1889 1412 1921 omnes
1435 1859 1438 1861 Δ
1459 1875 1685 1922 consules
1720 1875 1879 1923 facere

140 1965 340 1998 necesse
376 1959 462 2009 est,
501 1951 826 1999 domesticum
863 1961 911 1999 et
946 1969 1089 1999 suum
1124 1954 1378 2000 consulem
1413 1952 1722 2015 potissimum
1754 1956 1882 2003 avel-

196 2043 246 2095 89
300 2043 467 2095 appello]
503 2045 676 2094 ‘name,'
717 2046 869 2098 ‘speak
898 2046 967 2086 of.'
1103 2058 1155 2098 90
1200 2047 1372 2098 pudori]
1410 2061 1601 2100 compare
1638 2060 1693 2088 on
1726 2050 1769 2098 ἐξ
1811 2060 1874 2099 30,

143 2095 346 2148 Compare
366 2111 441 2150 pro
463 2099 554 2138 Sest
574 2102 594 2147 §
620 2100 706 2139 108.
1049 2099 1114 2147 64.
1791 2125 1793 2128 ·

195 2163 299 2189 nova
326 2153 472 2202 poena]
510 2153 558 2191 of
591 2153 662 2192 the
706 2154 770 2192 lex
813 2154 964 2194 Tullia.
1103 2154 1468 2206 qltodwfi'eqztens]
1525 2156 1588 2196 ie
1634 2156 1794 2196 crowds
1838 2157 1885 2197 of

143 2202 344 2254 Compare
363 2218 416 2244 on
435 2208 455 2254 ἓ
475 2205 542 2256 46.
1049 2215 1283 2259 supporters
1329 2209 1434 2248 from
1479 2210 1725 2249 Lanuvium.
1781 2216 1874 2258 tota,

194 2257 324 2306 habet]
345 2271 534 2310 compare
554 2272 607 2298 on
630 2261 649 2307 ξ
672 2259 736 2300 68.
1050 2260 1065 2299 i
1085 2274 1107 2299 e
1127 2261 1183 2299 all
1208 2262 1278 2301 the
1297 2262 1420 2303 while
1439 2263 1520 2302 this
1549 2265 1641 2303 trial
1669 2264 1744 2303 has
1772 2265 1880 2303 been

194 2323 350 2350 summo
372 2326 465 2351 cum
493 2314 672 2364 imperio]
701 2327 745 2353 as
773 2327 967 2366 proprae-
1050 2316 1177 2366 going
1196 2328 1261 2355 on.

142 2365 218 2400 tor.
275 2364 477 2417 Compare
505 2369 524 2414 ξ
561 2380 625 2414 42.
684 2368 753 2407 He
783 2368 866 2406 had
896 2369 969 2407 left
1103 2369 1244 2419 sacris]
1271 2382 1462 2421 compare
1491 2370 1570 2410 Liv
1602 2381 1692 2409 VIII
1721 2384 1768 2421 14
1796 2372 1878 2410 La·

143 2414 207 2454 his
226 2415 391 2457 brother
411 2420 539 2459 Gaius
560 2421 673 2459 there
693 2421 734 2459 in
755 2422 902 2472 charge
922 2435 967 2461 as
1050 2422 1221 2460 nuztz'nz's
1264 2424 1405 2462 civitas
1448 2425 1544 2462 data
1580 2438 1771 2476 sacraque
1804 2439 1878 2464 sua

143 2468 291 2519 legatus
317 2472 436 2513 when
462 2473 515 2512 he
544 2486 659 2513 came
688 2481 730 2513 to
761 2475 894 2514 Rome
923 2482 966 2514 to
1050 2476 1203 2514 reddita
1247 2490 1339 2515 cum
1382 2491 1420 2515 eo
1463 2483 1511 2516 ut
1550 2479 1658 2517 aedes
1693 2480 1882 2530 lucusque

145 2521 242 2560 seek
261 2523 329 2563 the
348 2527 592 2578 consulship.
652 2527 740 2566 Sall
761 2529 839 2567 Cat
861 2541 922 2574 42.
1049 2529 1227 2579 Sospitae
1260 2531 1441 2569 Iunonis·
1470 2533 1695 2570 communis
1734 2533 1876 2570 Lanu-

189 2578 450 2628 perturbatio]
496 2581 662 2632 turning
690 2588 960 2633 topsy-turvy.
1049 2582 1159 2621 vinis
1196 2583 1464 2635 munz'cz'pibus
1498 2599 1590 2624 cum
1614 2586 1765 2637 populo
1797 2587 1876 2624 Ro-

145 2626 186 2665 A
215 2634 353 2681 strong
383 2638 499 2681 term,
530 2634 615 2673 like
652 2648 776 2687 many
809 2636 850 2674 in
885 2636 966 2675 this
1050 2649 1173 2674 mano
1194 2642 1295 2677 esset.

146 2683 390 2732 peroration.
1092 2689 1242 2741 facere]
1277 2690 1510 2741 ‘sacrifice,'
1530 2706 1575 2731 as
1602 2693 1644 2731 in
1673 2693 1727 2731 ad
1756 2684 1833 2731 At't
1860 2704 1876 2733 1

195 2737 400 2786 sermonis]
437 2740 585 2792 people
612 2741 696 2780 will
730 2748 802 2784 not
840 2742 966 2782 know
1054 2753 1100 2793 13
1121 2745 1141 2791 ξ
1164 2755 1198 2793 3.
1261 2744 1465 2796 Compare
1485 2746 1587 2797 Virg
1606 2746 1683 2785 Ecl
1704 2756 1759 2784 111
1784 2755 1846 2796 77.

97 2803 99 2806 ¹
143 2787 254 2827 what
281 2795 323 2828 to
351 2790 429 2830 call
465 2792 564 2841 him,
597 2795 678 2834 and
717 2796 801 2834 will
836 2797 967 2836 doubt
1102 2797 1240 2846 sunm]
1261 2811 1304 2836 as
1324 2811 1348 2836 a
1366 2801 1503 2838 native
1527 2800 1573 2838 of
1596 2800 1665 2839 the
1693 2806 1804 2839 town
1833 2806 1876 2840 to

144 2840 326 2882 whether
341 2843 436 2896 they
453 2844 576 2886 know
594 2850 787 2899 anyone's
813 2856 968 2890 correct
1048 2849 1183 2888 which
1227 2851 1296 2891 the
1342 2853 1521 2905 worship
1568 2854 1761 2905 properly
1804 2854 1874 2896 be·
1915 2863 1918 2867 ’

143 2894 246 2946 style
265 2896 368 2936 aster
385 2911 430 2938 so
457 2900 614 2941 sudden
634 2915 658 2941 a
677 2902 845 2954 change.
1047 2903 1210 2955 longed.
1648 2943 1652 2947 .
