2054 3120
158 151 220 197 90
716 136 865 186 PRO
908 138 955 185 L
999 137 1074 185 M
1077 138 1325 186 URENA
1595 134 1791 202 [XXXI
1817 138 1878 200 65

74 244 132 292 65
155 257 271 290 rere.
326 257 384 289 ac
404 241 643 304 teipsum,
662 251 901 304 quantum
920 258 1012 305 ego
1031 241 1263 304 opinione
1277 258 1498 305 auguror,
1518 258 1651 290 nunc
1666 251 1715 291 et
1731 242 1882 291 animi

128 353 131 356 »
156 322 372 384 quodam
403 321 588 384 impetu
625 321 923 370 concitatum
948 331 997 370 et
1019 322 1067 370 vi
1090 332 1291 371 naturae
1325 333 1473 385 atque
1497 322 1675 386 ingenii
1699 324 1880 372 elatum

155 410 204 449 et
226 400 500 448 recentibus
523 387 893 463 praeceptorum
928 401 1098 450 studiis
1133 403 1414 464 flagrantem
1437 401 1534 449 iam
1557 418 1672 450 usus
1703 403 1879 462 flectet,

156 478 260 527 dies
283 478 444 538 leniet,
480 488 614 527 aetas
638 479 889 542 mitigabit.
961 480 1141 529 etenim
1165 481 1244 529 isti
1267 481 1359 544 ipsi
1394 481 1515 529 mihi
1531 482 1757 530 videntur
1777 498 1880 531 ves-

155 557 214 606 tri
237 567 574 621 praeceptores
593 567 640 606 et
658 559 844 608 virtutis
862 560 1076 623 magistri
1095 563 1214 609 fines
1231 561 1497 610 officiorum
1511 563 1659 624 paulo
1674 562 1877 625 longius,

156 654 305 700 quam
349 647 521 687 natura
566 640 722 700 vellet,
772 639 1042 702 protulisse,
1089 649 1156 700 ut,
1203 657 1318 688 cum
1352 642 1416 704 ad
1450 642 1676 690 ultimum
1712 642 1877 692 animo

155 716 591 778 contendissemus‚
613 718 680 767 ibi
703 727 882 779 tamen,
900 719 986 767 ubi
1010 728 1268 781 oporteret,
1295 720 1683 769 consisteremus.
1741 721 1881 770 ‘nihil

155 797 394 860 ignoveris
413 801 440 848 :'
476 797 628 847 immo
661 799 859 862 aliquid,
896 816 999 848 non
1034 799 1210 848 omnia.
1285 801 1434 848 ‘nihil
1467 801 1671 850 omnino
1701 801 1881 864 gratiae

155 866 450 927 concesseris
466 878 697 927 ⁷—immo
725 879 932 928 resistito
963 880 1157 942 gratiae,
1183 896 1297 928 cum
1321 880 1536 929 officium
1560 890 1608 930 et
1629 882 1751 930 fides
1774 896 1883 943 pos-

155 958 340 1007 tulabit.

157 1083 362 1148 Compare
392 1085 501 1125 Ovid
528 1092 612 1125 met
641 1096 695 1125 111
726 1086 813 1138 318,
844 1087 980 1127 where

153 1138 285 1190 Jove
275 1151 309 1178 rs
328 1139 415 1178 said
432 1152 552 1178 curas
568 1141 772 1191 seposuisse
781 1153 937 1191 graves.

212 1190 260 1240 65
319 1193 517 1243 auguror]
547 1206 592 1232 so
629 1194 681 1233 de
715 1201 803 1234 orat
834 1205 851 1233 1
879 1197 900 1243 ἓ
927 1205 976 1247 95

155 1250 356 1297 quantum
375 1259 557 1297 auguror
572 1247 804 1286 coniectura.

210 1300 373 1350 impetu]
407 1299 556 1339 ‘rush.'
612 1301 814 1352 Alluding
840 1306 883 1340 to
914 1301 980 1340 his

155 1352 366 1402 hastiness,
391 1366 581 1405 compare
600 1356 620 1402 ξ
639 1353 705 1393 62.
763 1354 890 1394 Sorof
906 1355 980 1393 has

155 1405 306 1457 rightly
323 1419 418 1446 seen
438 1407 526 1446 that
544 1408 678 1446 animi
694 1408 840 1459 impetu
859 1408 980 1447 refers

156 1465 199 1498 to
231 1459 296 1499 his
324 1460 463 1511 youth,
498 1461 544 1500 vi
573 1467 746 1500 naturae
773 1467 890 1512 atque
916 1462 979 1500 z'n-

150 1513 265 1563 genii
290 1518 333 1552 to
363 1514 426 1552 his
458 1515 637 1565 peculiar
668 1520 974 1566 temperament.

157 1566 361 1618 Compare
379 1568 454 1606 ista
474 1573 626 1607 natura
645 1568 687 1606 in
706 1568 727 1614 ἓ
747 1567 812 1618 64.

106 1627 109 1629 ’
210 1621 466 1670 concitatum]
521 1620 721 1670 ‘roused‚'
774 1623 979 1673 ‘over-ex-

158 1672 294 1713 cited.'
351 1674 555 1726 Compare
591 1688 666 1727 pro
698 1675 849 1714 Flacco
880 1676 900 1723 ξ
932 1685 978 1725 17

156 1740 240 1766 non
273 1728 486 1767 concitatae
518 1729 722 1777 contionis,
757 1729 825 1768 sed
850 1729 983 1767 iurati

155 1786 330 1819 senatus.
386 1782 427 1821 It
446 1782 605 1834 implies
624 1796 650 1821 a
668 1787 771 1822 state
799 1782 848 1821 of
860 1782 980 1821 semi-

156 1834 333 1886 insanity
350 1836 394 1873 in
413 1848 525 1875 some
545 1848 748 1887 passages.
792 1836 910 1875 With
927 1836 980 1875 de

157 1887 271 1926 divin
303 1897 339 1926 11
381 1890 401 1936 ἓ
447 1899 495 1939 27
541 1890 795 1928 concitatione
839 1890 980 1928 mentis

156 1941 220 1979 edi
234 1945 271 1979 et
286 1942 406 1992 qnasi
414 1941 549 1992 fundi
565 1943 772 1981 videbatur
788 1955 979 1993 compare

158 1994 355 2033 Macbeth
382 2004 418 2033 ΙΙ
450 2008 466 2033 1
493 2008 543 2047 39
576 1996 847 2047 ‘proceeding
874 1996 979 2034 from

157 2047 227 2087 the
244 2047 579 2099 heat-oppressed
597 2049 744 2088 brain.'

199 2100 468 2153 flagrantem]
498 2115 688 2154 compare
717 2102 820 2141 Cato
849 2104 980 2141 maior

158 2154 179 2201 ἓ
201 2165 251 2204 50
282 2155 346 2194 lzz‘s
368 2155 510 2194 studiis
524 2155 978 2206 flagrantes.—recenti-

158 2208 240 2247 bus.
302 2208 406 2248 Cato
426 2222 509 2248 was
528 2222 623 2248 now
643 2221 704 2259 32.

210 2262 313 2311 iam]
356 2263 366 2281 ‘
381 2261 615 2314 presently.’
672 2263 875 2314 Compare
904 2275 979 2314 pro

159 2315 301 2355 Caelio
339 2316 359 2363 ξ
393 2325 439 2365 77
473 2316 558 2354 iam
595 2315 670 2355 ista
702 2316 975 2367 deferbuerint,

156 2369 242 2409 iam
259 2374 366 2408 aetas
382 2369 531 2417 omnia,
552 2369 637 2408 iam
655 2369 734 2408 dies
751 2369 961 2421 mitzgarit.

210 2422 282 2462 isti
314 2422 409 2473 ipsi]
446 2422 502 2461 ie
539 2435 640 2473 your
670 2436 768 2474 very
799 2423 980 2462 teaehers

156 2476 263 2515 need
282 2476 481 2527 teaching.
516 2476 606 2515 The
618 2489 733 2515 sense
748 2476 794 2515 of
807 2477 876 2516 the
887 2489 979 2528 pas-

158 2542 253 2581 sage
271 2528 319 2576 is,
347 2529 466 2580 ‘they
484 2529 589 2568 have
619 2535 680 2568 set
706 2543 763 2581 up
791 2543 844 2568 an
872 2530 980 2569 ideal

157 2583 321 2633 beyond
340 2582 410 2621 the
428 2583 550 2622 reach
574 2582 622 2622 of
645 2583 799 2622 human
829 2583 977 2634 frailty,

158 2637 240 2674 and
257 2641 330 2675 not
348 2636 522 2675 without
545 2649 570 2674 a
590 2649 757 2677 reason:
786 2649 849 2676 we
870 2644 980 2675 must

156 2689 230 2728 fall
256 2689 368 2728 short
388 2689 434 2728 of
456 2689 500 2737 it,
524 2690 598 2728 but
617 2690 728 2737 then,
749 2690 786 2728 if
807 2703 869 2729 we
898 2693 980 2728 aim

156 2741 258 2794 high
288 2742 370 2781 and
401 2742 483 2790 fail,
507 2756 569 2782 we
595 2743 677 2782 still
703 2756 799 2794 may
824 2744 879 2782 do
907 2756 981 2782 our

158 2795 288 2847 duty.'
346 2796 548 2846 Compare
586 2796 748 2847 George
785 2796 979 2843 Herbert,

161 2851 201 2888 T
199 2850 248 2887 lze
269 2848 432 2888 Churclz
447 2849 592 2898 Porclz,
635 2851 646 2869 ‘
660 2849 779 2889 Pitch
810 2849 884 2901 thy
910 2850 980 2888 be-

158 2902 328 2941 haviour
353 2902 446 2950 low,
480 2902 552 2952 thy
569 2902 745 2953 projects
768 2903 868 2954 high
881 2917 894 2951 3
924 2903 981 2942 So

158 2955 266 2996 shalt
283 2955 384 3007 thou
397 2955 565 2995 humble
579 2956 660 2995 and
673 2956 983 3008 magnanimous

405 958 757 1008 ‘misericordia
780 969 1055 1009 commotus
1078 978 1141 1009 ne
1166 962 1229 1009 sis
1247 962 1272 1011 :’

1309 961 1470 1022 etiam,
1497 962 1548 1010 in
1572 962 1883 1011 dissolvenda

1060 1089 1135 1128 be:
1165 1089 1268 1129 Sink
1287 1095 1358 1128 not
1377 1090 1419 1128 in
1445 1089 1584 1141 spirit;
1613 1090 1707 1129 who
1731 1090 1879 1130 aimeth

1058 1149 1102 1182 at
1119 1143 1189 1182 the
1208 1144 1283 1193 sky
1304 1143 1454 1183 Shoots
1478 1144 1622 1194 higher
1639 1145 1763 1184 much
1781 1145 1879 1184 than

1060 1197 1113 1236 he
1132 1197 1220 1235 that
1238 1210 1377 1236 means
1395 1210 1420 1236 a
1438 1197 1552 1236 tree.'

1103 1250 1226 1302 fines]
1252 1250 1538 1298 ‘boundaries,’
1561 1250 1729 1290 ‘limits.’
1761 1251 1880 1290 Com-

1059 1316 1158 1355 pare
1173 1303 1224 1343 de
1243 1303 1299 1342 fin
1315 1306 1403 1352 111§
1418 1303 1468 1342 26
1486 1304 1610 1342 licebit
1626 1306 1744 1343 etiam
1751 1304 1882 1356 finem

1051 1363 1132 1408 pro
1149 1363 1317 1396 extremo
1335 1363 1411 1396 aut
1426 1358 1566 1396 ultimo
1584 1358 1716 1397 dicere.

1113 1410 1282 1459 natura]
1312 1423 1503 1462 compare
1523 1413 1543 1459 ἓ
1564 1410 1615 1450 60
1633 1425 1757 1463 qnam
1781 1412 1882 1451 veri-

1061 1469 1123 1503 tas
1139 1469 1215 1502 aut
1231 1469 1383 1503 natura
1393 1465 1565 1516 patitur.

1112 1518 1170 1555 ad
1183 1517 1390 1566 ultimum]
1419 1524 1462 1556 to
1481 1518 1550 1556 the
1568 1517 1738 1558 furthest
1763 1518 1881 1566 Emit,

1061 1571 1075 1609 i
1096 1584 1119 1610 e
1138 1577 1180 1610 to
1200 1571 1269 1610 the
1287 1571 1449 1622 highest
1467 1571 1704 1622 perfection.

1113 1624 1327 1675 ignoveris]
1357 1625 1528 1676 Madvig
1557 1625 1578 1671 ἓ
1617 1623 1709 1674 386.
1769 1625 1884 1665 Here

1063 1677 1209 1717 Cicero
1238 1684 1332 1729 puts
1362 1678 1599 1717 limitations
1628 1685 1671 1717 to
1699 1691 1814 1718 some
1841 1678 1886 1718 of

1061 1731 1130 1771 the
1143 1737 1320 1771 extreme
1334 1731 1536 1770 doctrines
1554 1731 1718 1771 noticed
1736 1733 1878 1771 above.

1107 1785 1267 1836 gratiae
1281 1785 1519 1833 concesseris]
1547 1797 1593 1823 so
1628 1785 1649 1823 I
1679 1785 1813 1836 prefer
1841 1791 1883 1824 to

1060 1838 1158 1877 read
1177 1838 1276 1877 with
1301 1839 1463 1889 Zumpt,
1485 1851 1530 1877 as
1556 1837 1726 1889 making
1752 1839 1884 1878 better

1061 1904 1176 1931 sense
1194 1891 1238 1929 in
1264 1891 1334 1930 the
1359 1891 1504 1930 mouth
1527 1890 1574 1929 of
1594 1895 1621 1929 a
1653 1892 1765 1931 Stoic
1784 1892 1881 1930 than

1054 1945 1213 1996 gratiae
1227 1944 1504 1995 causaficm's,
1521 1944 1655 1983 which
1670 1945 1703 1984 is
1720 1944 1884 1984 Halm's

1061 1998 1296 2037 correction.
1366 1998 1457 2036 The
1495 2007 1577 2036 MSS
1619 1998 1713 2048 give
1753 1999 1887 2050 gratie

1059 2051 1264 2102 conjeceris
1281 2050 1381 2090 with
1399 2051 1524 2102 slight
1542 2052 1774 2090 variations.
1831 2052 1884 2091 In

1059 2104 1130 2143 the
1147 2104 1359 2156 following
1374 2105 1394 2143 I
1411 2104 1517 2156 keep
1529 2105 1598 2143 the
1619 2114 1702 2143 MSS
1721 2105 1884 2144 resistito

1054 2158 1213 2208 gratiae
1241 2158 1342 2196 with
1379 2158 1520 2196 Halm.
1581 2158 1731 2209 Zumpt
1766 2159 1884 2197 reads

1060 2211 1228 2250 insistite
1246 2211 1328 2250 and
1346 2211 1498 2250 throws
1525 2217 1597 2250 out
1617 2212 1787 2263 gratiae,
1807 2212 1883 2251 fol-

1060 2265 1213 2315 lowing
1231 2265 1321 2316 Lag
1339 2277 1364 2317 9
1383 2265 1492 2315 only.

1113 2319 1294 2367 resistito]
1341 2318 1411 2357 the
1449 2324 1589 2369 strong
1624 2317 1883 2369 imperatives

1061 2384 1130 2411 are
1146 2371 1243 2411 here
1261 2372 1362 2410 used
1380 2371 1480 2410 with
1507 2371 1879 2422 mock-solemnity,

1060 2425 1145 2464 like
1177 2438 1203 2463 a
1231 2430 1391 2464 statute.
1452 2424 1655 2476 Compare
1686 2425 1780 2464 Hor
1808 2425 1882 2465 Sat

1062 2489 1099 2518 11
1124 2490 1140 2516 1
1166 2479 1201 2526 8,
1225 2490 1264 2529 9.

1101 2531 1221 2583 fides]
1254 2529 1476 2582 ‘'honesty,
1499 2543 1543 2569 as
1562 2531 1604 2569 in
1625 2532 1646 2579 ἓ
1670 2543 1734 2580 30.

1113 2582 1253 2635 etiam]
1273 2597 1297 2623 a
1316 2591 1456 2635 strong
1473 2584 1722 2624 affirmative.
1759 2585 1883 2624 Com-

1060 2651 1159 2711 pare
1179 2638 1298 2677 Acad
1317 2648 1351 2676 11
1379 2639 1400 2685 ξ
1432 2647 1506 2688 104
1533 2643 1607 2676 aut
1635 2637 1793 2678 ‘etiam’
1812 2644 1887 2678 aut

1067 2693 1174 2731 ‘non
1182 2690 1441 2742 'respondere
1466 2692 1596 2742 possit,
1621 2691 1674 2730 de
1691 2698 1763 2731 nat
1786 2693 1885 2732 deor

1061 2754 1078 2783 1
1104 2745 1124 2791 ἓ
1146 2754 1195 2795 7ο
1219 2744 1266 2783 in
1292 2745 1474 2783 omnibus
1500 2745 1812 2784 diiunctionibus
1837 2746 1883 2784 in

1060 2798 1203 2849 quibus
1226 2799 1318 2836 ‘aut
1327 2798 1445 2836 etiam
1455 2803 1531 2836 aut
1542 2811 1623 2837 non
1631 2796 1883 2849 ',poneretur

1061 2864 1137 2902 pro
1175 2851 1286 2890 Rosc
1323 2863 1415 2890 com
1454 2853 1535 2903 §9

1059 2905 1191 2952 etiam,
1221 2904 1313 2942 Plin
1341 2904 1436 2956 Epp
1466 2863 1535 2942 vl9
1546 2917 1567 2943 2
1602 2904 1623 2950 ἓ
1649 2905 1672 2942 8
1699 2910 1744 2943 at
1768 2918 1884 2956 quae-

1060 2958 1156 2997 dam
1174 2963 1418 3009 supervacua
1436 2958 1642 2998 dicuntur.
1670 2958 1802 3006 etiam,
1820 2957 1888 2997 scd

1571 2851 1948 2900 sinon..,si=
