2054 3120
119 135 182 177 40
670 119 820 168 PRO
862 120 908 167 L
953 120 1027 167 M
1029 120 1277 168 URENA
1657 118 1751 186 [VI
1785 139 1838 185 ¹3

119 245 225 278 esse
248 246 447 294 neeesse
472 230 532 277 sit
557 246 683 290 eum,
709 229 786 278 cui
820 247 932 279 vere
966 230 1095 294 istud
1128 230 1261 279 obici
1294 229 1459 293 possit.
1531 232 1839 297 nemoenim

118 311 218 358 fere
242 312 383 358 saltat
408 310 610 369 sobrius,
635 309 729 358 nisi
758 311 880 358 forte
913 309 1106 369 insanit,
1131 326 1292 372 neque
1323 309 1374 357 in
1399 310 1658 358 solitudine
1682 326 1848 372 neque·

109 389 170 436 ·in
206 390 441 438 ‘convivio
486 390 738 438 moderato
791 399 936 452 atque
992 391 1233 439 honesto:
1289 389 1563 452 tempestivi
1615 390 1838 448 convivii,

119 468 314 516 amoeni
344 468 454 527 loci,
482 470 741 525 multarum
776 469 1056 517 deliciarum
1086 486 1251 518 comes
1286 478 1359 517 est
1390 460 1839 518 extremasaltatio.

120 557 170 596 tu
211 549 329 597 mihi
364 549 530 612 arripis
565 551 674 608 hoc,
711 551 846 613 quod
880 566 1079 598 necesse
1114 559 1187 598 est
1222 550 1441 598 omnium
1475 549 1702 598 vitiorum
1736 566 1841 598 esse

118 639 429 692 postremum,
467 630 698 692 relinquis
732 631 825 688 issa,
864 630 1039 693 quibus
1072 630 1271 678 remotis
1305 631 1401 678 hoc
1434 629 1606 678 vitium
1640 630 1842 678 omnino

119 726 226 758 esse
261 727 357 759 non
397 719 572 773 potest.
666 712 854 759 nullum
897 720 1035 773 turpe
1074 710 1368 769 convivium,
1411 726 1513 758 non
1554 727 1704 768 amor,
1741 727 1844 759 non

119 790 414 851 comissatio,
451 807 554 839 non
588 791 756 850 libido,
793 808 895 840 non
932 799 1152 853 sumptus
1188 790 1460 862 ostenditur
1479 807 1493 849 3
1553 799 1601 838 et
1634 806 1745 838 cum
1785 806 1843 838 ea

118 884 218 916 non
271 869 584 931 reperiantur,
643 887 768 933 quae
824 871 1090 932 voluptatis
1146 886 1330 918 nomen
1386 870 1570 918 habent
1620 885 1843 932 quaeque

119 949 292 998 vitiosa
327 960 450 1010 sunt,
489 951 538 998 in
575 968 673 1014 quo
708 951 863 1014 ipsam
897 951 1133 998 luxuriam
1167 951 1374 1013 reperire
1404 967 1506 998 non
1528 960 1684 1013 potes,
1710 950 1760 997 in
1784 967 1844 999 eo

40 1027 100 1074 14
121 1039 168 1078 te
204 1032 428 1079 umbram
463 1032 678 1080 luxuriae
712 1042 1011 1094 reperturum
1046 1034 1226 1093 putas?
1294 1030 1412 1078 nihil
1443 1031 1585 1094 igitur
1613 1031 1662 1078 in
1695 1030 1843 1078 vitam

122 1112 164 1157 L
212 1113 450 1158 Murenae
489 1110 585 1158 dici
625 1119 800 1173 potest,
839 1110 974 1169 nihil,
1022 1109 1238 1172 inquam,
1277 1110 1492 1170 omnino,
1531 1110 1729 1169 iudices.
1776 1109 1845 1161 sic

121 1207 151 1238 a
185 1207 264 1238 me
300 1193 471 1239 consul
506 1192 785 1254 designatus
821 1190 1108 1250 defenditur,
1144 1200 1198 1246 ut
1233 1192 1336 1239 eius
1370 1193 1497 1240 nulla
1535 1193 1677 1250 fraus,
1713 1194 1846 1239 nulla

121 1271 335 1331 avaritia,
360 1274 493 1319 nulla
515 1271 731 1334 perfidia,
758 1273 892 1319 nulla
915 1271 1187 1330 crudelitas,
1208 1273 1395 1318 nullum
1414 1273 1637 1334 petulans
1662 1271 1846 1319 dictum

121 1350 191 1418 [in
215 1351 334 1418 vita]
363 1354 642 1415 proferatur.
714 1354 842 1401 bene
866 1353 1028 1411 habet,
1060 1351 1186 1399 iacta
1211 1361 1320 1400 sunt
1344 1353 1663 1401 fundamenta
1687 1353 1848 1400 defen·

173 1491 404 1543 tempestivi]
433 1493 447 1529 i
473 1504 495 1530 e
522 1491 658 1542 begun
705 1491 842 1530 before
872 1490 942 1530 the
1027 1491 1152 1542 bably
1170 1491 1212 1529 in
1232 1491 1311 1530 this
1337 1505 1506 1543 passage
1531 1505 1556 1530 a
1579 1491 1676 1543 play
1700 1505 1753 1531 on
1779 1491 1848 1531 the

119 1545 237 1584 ninth
265 1545 379 1592 hour,
413 1545 482 1584 the
509 1545 626 1583 usual
659 1544 757 1583 time
791 1544 838 1583 of
873 1545 943 1583 the

118 1612 214 1638 cena
235 1599 361 1649 (Mart
382 1608 431 1636 IV
448 1600 471 1636 8
491 1597 528 1644 6,
547 1599 719 1648 imperat
731 1604 944 1636 exstructos

108 1653 307 1704 frangere
330 1665 438 1690 nona
464 1651 580 1699 toros)
608 1651 690 1690 like
722 1651 876 1690 Marius
901 1651 943 1690 in

118 1706 252 1758 Juven
273 1715 287 1744 1
309 1717 374 1755 49,
394 1705 489 1743 who
506 1705 556 1743 ab
574 1710 710 1743 octava
732 1704 834 1752 bibit,
861 1704 943 1743 and

123 1760 237 1799 Nero
257 1759 299 1798 in
321 1760 419 1799 Suet
438 1759 527 1798 Ner
553 1768 601 1808 27
623 1758 708 1798 Tac
735 1759 833 1797 Ann
860 1767 944 1796 xlv

123 1825 160 1852 2.
378 1823 381 1830 ·

178 1867 298 1916 mihi]
317 1865 389 1904 dat
407 1865 575 1913 ethicus,
601 1878 645 1904 as
663 1864 705 1904 in
725 1866 768 1913 ἓξ
791 1877 855 1911 21,
878 1874 938 1916 74.

123 1920 265 1959 Halm.

174 1973 342 2025 arripis]
362 1985 431 2012 see
449 1985 502 2011 on
521 1973 541 2019 ἓ
560 1970 622 2011 62.

174 2026 408 2075 comissatio]
445 2026 607 2076 feeding
644 2024 746 2064 after
783 2024 938 2072 dinner,

122 2080 270 2120 almost
305 2077 511 2126 ‘dessert,'
537 2078 738 2130 implying
760 2078 847 2117 that
875 2078 945 2117 the

121 2140 257 2185 guests
296 2134 395 2172 then
427 2132 546 2171 ‘take
582 2133 713 2171 wine.’
790 2132 943 2171 Sueton

124 2188 235 2226 Dom
283 2200 329 2227 21
386 2199 476 2236 says
520 2185 811 2224 convivabatur
856 2186 943 2236 fre-

122 2246 285 2293 quenter
309 2254 356 2279 ac
383 2240 502 2291 large,
533 2239 602 2277 sed
614 2245 747 2289 paene
771 2239 944 2289 raptim,-

122 2300 220 2333 cerle
246 2308 327 2333 non
347 2295 457 2332 ultra
482 2293 574 2331 solis
597 2305 788 2339 occasum,
814 2305 882 2331 nec
899 2298 947 2331 ut

113 2354 247 2399 postea
261 2349 546 2386 comissaretur.

174 2401 388 2451 voluptatis
432 2413 574 2438 nomen
630 2398 790 2448 habent]
855 2400 946 2439 ‘are

122 2454 254 2494 called
273 2452 488 2505 pleasure.’

174 2506 361 2559 quaeque]
377 2519 422 2545 so
442 2506 462 2543 Ι
483 2519 577 2545 now
591 2505 689 2544 read
707 2504 810 2544 after
825 2504 952 2544 Sorof
961 2527 965 2533 ·

122 2561 203 2600 and
225 2560 366 2607 Halm,
396 2559 520 2610 being
547 2559 768 2598 convinced
793 2558 849 2609 by
876 2558 945 2598 the

121 2619 353 2665 arguments
386 2612 434 2651 of
454 2613 532 2651 ⁴the
567 2612 717 2651 former
752 2611 840 2650 that
876 2612 946 2651 the

121 2668 277 2717 change
317 2668 352 2705 is
394 2678 615 2716 necessary.
689 2674 771 2703 MSS
803 2678 942 2716 quam-

120 2733 256 2772 quam.

174 2772 382 2822 umbram]
417 2789 453 2805 =
484 2771 659 2810 comitem
721 2771 939 2811 assiduam.

124 2827 266 2866 Halm.
309 2826 459 2877 Zumpt
492 2837 702 2875 compares
737 2825 779 2863 in
820 2825 943 2863 Pison

124 2883 146 2928 ἕ
188 2890 250 2930 57,
292 2892 425 2919 omnes
457 2878 622 2917 umbras
660 2878 778 2916 etiam
807 2877 946 2928 fizlsae

116 2934 279 2985 glom‘ae,
318 2932 470 2984 adding
507 2931 594 2971 that
630 2931 742 2970 there
779 2931 812 2970 is
851 2944 941 2982 pro-

1027 1557 1142 1583 sense
1175 1544 1222 1583 of
1254 1546 1296 1584 ‘a
1331 1552 1446 1595 guest
1478 1545 1716 1584 introduced
1741 1545 1797 1596 by
1823 1558 1848 1584 a

1027 1596 1170 1649 guest‚‘
1190 1598 1252 1637 for
1275 1598 1409 1638 which
1433 1612 1624 1650 compare
1651 1599 1744 1638 Hor
1775 1599 1848 1638 Sat

1028 1661 1063 1689 11
1086 1653 1109 1690 8
1131 1664 1194 1697 22,
1216 1652 1334 1703 Epist
1354 1661 1370 1690 1
1392 1663 1413 1700 5
1432 1653 1495 1691 28.

1086 1718 1133 1754 14
1185 1705 1232 1743 in
1268 1706 1411 1754 vitam]
1446 1705 1623 1756 ‘against
1654 1705 1718 1744 his
1749 1704 1846 1750 life,’

1028 1771 1072 1796 as
1091 1758 1160 1797 the
1178 1764 1340 1797 context
1359 1759 1489 1797 shews
1506 1772 1519 1806 ;
1548 1759 1621 1797 but
1642 1759 1709 1797 the
1733 1772 1847 1799 sense

1027 1811 1062 1850 is
1121 1817 1192 1850 not
1250 1812 1490 1863 necessarily
1544 1812 1847 1850 unfavourable.

1027 1877 1223 1916 compare
1260 1865 1312 1904 de
1353 1865 1415 1903 off
1450 1875 1464 1903 1
1503 1866 1524 1913 ἓ
1571 1867 1620 1904 28
1659 1865 1706 1903 id
1746 1866 1853 1916 quod

1026 1919 1142 1968 apud
1179 1918 1381 1956 Platonem
1421 1924 1475 1957 est
1518 1919 1562 1956 in
1599 1919 1849 1970 plzz'losoplzos

1028 1971 1178 2010 dictum
1198 1972 1277 2010 and
1299 1973 1361 2010 Dr
1381 1971 1584 2010 Holden’s
1604 1978 1712 2011 note.

1034 2033 1039 2040 '
1081 2025 1267 2076 inquam]
1293 2026 1303 2044 ‘
1319 2025 1339 2063 I
1359 2027 1527 2076 repeat.’

1079 2078 1253 2126 omnino,
1285 2078 1459 2127 iudices]
1488 2091 1533 2117 so
1565 2078 1585 2116 I
1616 2091 1710 2117 now
1737 2078 1846 2123 read,

1025 2131 1233 2182 following
1249 2131 1317 2170 the
1329 2132 1588 2170 emendation
1603 2132 1650 2170 of
1664 2132 1845 2182 Madvig,

1026 2186 1220 2235 accepted
1239 2186 1294 2235 by
1315 2185 1442 2223 Halm
1463 2186 1542 2223 and
1564 2185 1694 2224 Sorof.
1756 2186 1846 2224 The

1029 2248 1110 2276 MSS
1131 2239 1232 2277 have
1251 2238 1405 2284 iudicio,
1428 2238 1561 2276 which
1581 2239 1729 2289 Zumpt
1753 2251 1846 2276 con·

1026 2298 1138 2330 nects
1167 2291 1267 2330 with
1303 2292 1372 2330 the
1401 2291 1610 2342 following
1645 2298 1845 2339 sentence,

1027 2345 1229 2396 opposing
1246 2345 1278 2383 it
1297 2351 1340 2383 to
1367 2345 1411 2384 in
1435 2345 1618 2383 vita=in
1642 2345 1845 2395 reprehen-
1911 2383 1914 2387 ,

1024 2399 1132 2437 sione
1146 2399 1252 2437 vitae
1268 2398 1314 2436 of
1327 2400 1348 2446 ξ
1372 2411 1388 2436 1
1399 2411 1432 2437 1.

1078 2452 1133 2490 sic
1138 2483 1233 2491 ......
1238 2452 1301 2500 ut]
1347 2451 1501 2490 ‘under
1540 2450 1640 2490 such
1677 2450 1846 2490 circum-

1025 2510 1184 2544 stances
1209 2502 1327 2543 that.'

1071 2558 1276 2608 petulans]
1301 2557 1588 2596 ‘ill-natured.’
1655 2557 1800 2596 Festus
1821 2571 1847 2609 p

1030 2610 1104 2651 206
1136 2624 1227 2662 says
1249 2611 1471 2662 petulantes
1500 2615 1536 2649 et
1555 2610 1706 2660 petulci
1728 2612 1846 2649 etiam

1012 2659 1283 2715 ¹appellantur
1310 2663 1383 2715 qui
1410 2669 1595 2714 protervo
1631 2664 1776 2714 impetu
1813 2670 1850 2703 et

1026 2718 1155 2756 crebro
1166 2723 1311 2768 petunt
1327 2717 1507 2755 laedendi
1517 2717 1681 2755 alterius
1691 2718 1842 2767 gratia.

1079 2770 1245 2819 dictum]
1271 2769 1396 2821 ‘jest.'
1450 2783 1641 2820 compare
1657 2770 1747 2808 Phil
1768 2780 1802 2808 11
1823 2772 1844 2817 ξ

1028 2837 1078 2872 42
1109 2824 1213 2862 dicta
1242 2824 1378 2871 dicere,
1405 2823 1512 2894 ywith
1540 2823 1641 2862 Prof
1669 2822 1847 2874 Mayor’s

1026 2883 1244 2980 nozt'fzsisz'ta]
1272 2930 1314 2969 in
1341 2929 1410 2969 the
1438 2923 1578 2970 course
1606 2929 1653 2969 of
1673 2929 1736 2969 his
1763 2929 1844 2969 lise.
