2054 3120
139 121 197 163 42
644 169 647 172 .
694 109 843 157 PRO
889 109 935 156 L
978 108 1305 156 MURENA
1653 105 1773 174 [VII
1804 111 1861 157 16
2034 133 2050 165 ⁴.

53 205 112 252 16
142 211 289 260 cendi
313 211 519 274 reliquit,
546 214 680 275 quod
705 213 745 261 is
768 213 863 261 iarn
889 212 1013 275 patri
1037 213 1230 262 debitus
1253 230 1283 260 a
1304 212 1404 262 filio
1427 216 1692 276 petebatur.
1781 225 1864 264 tua

139 306 254 338 vero
290 292 536 351 nobilitas,
565 292 698 341 Servi
733 292 926 354 Sulpici,
954 292 1146 340 tametsi
1182 308 1372 340 summa
1405 301 1492 352 est,
1518 302 1680 341 tamen
1710 294 1864 343 homi-

138 371 284 419 nibus
311 372 530 420 litteratis
558 381 606 420 et
629 372 870 420 historicis
896 381 968 420 est
991 372 1166 431 notior,
1198 373 1383 434 populo
1414 388 1530 420 vero
1560 382 1610 420 et
1639 375 1863 435 suffraga-

137 453 322 501 toribus
360 454 613 502 obscurior
633 474 645 516 ς
695 464 833 516 pater
867 454 995 503 enim
1032 455 1120 502 suit
1155 454 1362 516 equestri
1396 454 1521 514 loco,
1568 471 1685 503 avus
1729 457 1864 502 nulla

135 529 324 578 inlustri
363 532 509 580 laude
547 516 830 593 celebratus.
924 532 1088 594 itaque
1122 549 1224 581 non
1260 549 1319 580 ex
1354 548 1575 581 sermone
1609 534 1860 581 hominum

136 610 333 670 recenti,
363 613 450 659 sed
476 628 536 660 ex
563 612 811 660 annalium
834 621 1076 670 vetustate
1113 614 1329 661 eruenda
1362 613 1597 661 memoria
1627 623 1700 662 est
1728 615 1864 663 nobi-

136 690 283 739 litatis
318 700 443 740 tuae.
537 709 686 754 quare
722 709 812 755 ego
848 702 896 741 te
932 710 1123 755 semper
1156 693 1203 740 in
1240 702 1458 741 nostrum
1492 710 1746 753 numerum
1779 696 1863 743 ad·

135 787 333 833 gregare
380 773 531 832 soleo,
588 774 723 834 quod
763 772 938 821 virtute
979 773 1309 835 industriaque
1357 773 1612 836 perfecisti,
1660 784 1714 822 ut
1750 791 1861 822 cum

136 851 311 913 equitis
347 853 560 901 Romani
598 869 735 901 esses
769 853 967 913 filius,s
946 870 1135 901 summa
1158 863 1323 902 tamen
1346 853 1665 917 amplitudine
1689 854 1862 917 dignus

135 939 370 991 putarere.
441 948 535 980 nec
575 931 694 978 mihi
734 948 970 994 umquam
1019 933 1182 992 minus
1233 933 1284 980 in
1334 934 1382 994 Q
1431 933 1684 1007 Pompeio,
1728 950 1860 983 novo

135 1010 334 1059 homine
370 1020 419 1060 et
452 997 715 1060 fortissimo
749 1012 868 1077 viro,
919 1012 1107 1060 virtutis
1149 1029 1255 1061 esse
1295 1013 1454 1060 visum
1492 1023 1566 1062 est
1613 1030 1759 1075 quam
1808 1014 1858 1061 in

134 1091 333 1141 homine
366 1094 671 1143 nobilissimo
700 1097 754 1142 M
779 1084 1004 1142 Aemilio.
1078 1094 1259 1142 etenim
1285 1095 1504 1143 eiusdem
1528 1095 1677 1142 animi
1710 1105 1858 1157 atque

134 1170 315 1233 ingenii
350 1183 423 1221 est
457 1174 663 1236 posteris
699 1173 812 1233 suis,
850 1169 984 1236 quod
1022 1174 1284 1236 Pompeius
1320 1175 1448 1234 fecit,
1488 1176 1859 1238 amplitudinem
1881 1183 1910 1203 ’-

133 1252 358 1312 nominis,
395 1270 541 1316 quam
577 1243 678 1303 non
714 1254 1210 1319 acceperit,-tradere,
1250 1264 1310 1314 et,
1347 1265 1400 1303 ut
1429 1257 1652 1315 Scaurus,
1678 1272 1861 1304 memo-

130 1332 251 1380 riam
286 1351 438 1397 prope
473 1334 839 1383 intermortuam
876 1335 1064 1395 generis
1101 1334 1175 1382 sui
1210 1335 1386 1383 virtute
1421 1351 1668 1384 renovare.
1747 1350 1855 1384 vm.

189 1423 236 1464 16
289 1427 445 1465 tametsi
448 1457 542 1465 ......
550 1427 699 1476 tamen]
719 1440 764 1466 so
791 1428 843 1466 de
863 1433 952 1466 orat

134 1487 165 1516 11
186 1481 206 1526 ἓ
231 1492 316 1524 120,
338 1493 412 1531 pro
439 1480 547 1518 Rosc
574 1482 702 1519 Amer
729 1483 771 1529 ἕξ
799 1492 862 1531 55,
885 1480 949 1528 56,

133 1541 196 1581 73,
217 1544 301 1582 117,
325 1539 401 1572 etc.
460 1533 673 1572 Matthiae.

182 1586 360 1635 summa]
380 1586 449 1625 the
462 1599 561 1637 gens
574 1587 754 1638 Sulpicia
774 1600 856 1626 was
874 1601 953 1627 one

132 1638 180 1676 of
193 1639 262 1677 the
281 1639 414 1678 oldest
433 1640 631 1691 patrician
645 1646 787 1691 gentes.
846 1654 954 1680 com-

130 1705 227 1743 pare
258 1693 405 1732 Brutus
434 1692 539 1741 §62,
562 1695 647 1733 Tac
666 1695 764 1732 Ann
798 1704 852 1733 111
885 1695 950 1745 48,

131 1745 228 1784 Hist
249 1756 262 1783 1
290 1758 348 1796 15,
370 1747 447 1786 Liv
466 1756 499 1785 11
524 1759 584 1798 19.

181 1799 381 1849 litteratis]
407 1801 476 1839 the
503 1801 618 1840 word
642 1801 760 1840 bears
789 1814 812 1840 a
841 1801 951 1852 good

129 1865 246 1891 sense
267 1852 581 1902 (γραμματικός).
654 1855 744 1893 The
764 1855 953 1906 opposite

128 1906 163 1944 is
195 1906 392 1945 litterator
422 1909 680 1956 (Ὑραμματισ
676 1907 770 1956 ής).
829 1908 950 1946 Com-

119 1971 224 2010 ¹pare
263 1959 401 1998 Catull
437 1970 518 1999 xlv
555 1973 592 2013 9,
646 1960 862 1999 Suetonius
899 1961 951 1999 de

130 2013 414 2052 Grammaticis
444 2028 469 2062 4
496 2020 593 2052 sunt
628 2015 701 2064 qui
729 2015 948 2052 lztteratnm

128 2078 154 2103 a
183 2066 397 2105 lztteratore
427 2067 695 2118 distinguant,
732 2073 779 2105 ut
812 2069 912 2106 Grae
917 2068 955 2106 cz·

122 2120 438 2170 grammaticum
483 2133 510 2158 a
555 2121 854 2171 grammatista.
916 2126 952 2159 et

128 2173 245 2211 illum
264 2173 420 2223 quidem
438 2174 610 2213 absolute
625 2174 735 2212 hunc
753 2174 950 2212 mediocri-

126 2231 186 2264 ter
247 2227 401 2265 doctum
462 2227 685 2265 existiment
707 2242 717 2266 τ
777 2239 949 2278 quorum

126 2279 347 2330 opinionem
395 2280 572 2319 Orbilius
615 2281 732 2319 etiam
764 2281 950 2332 exemplis

125 2332 347 2383 confirmat.
409 2333 566 2372 Gellius
586 2343 617 2371 11
644 2336 728 2382 10§
752 2347 785 2373 1.

178 2386 390 2434 historicis]
421 2388 430 2406 ‘
443 2385 748 2438 antiquarians,'
789 2386 949 2434 Halm;

125 2439 287 2490 rightly,
306 2440 326 2477 I
348 2439 478 2479 think.
532 2440 588 2479 So
610 2440 729 2491 Pliny
743 2440 874 2479 called
886 2440 949 2479 his

124 2498 239 2543 great
281 2492 396 2531 work
438 2492 486 2532 of
516 2494 699 2532 research
727 2493 951 2532 Naturalis

124 2546 324 2585 Historia.

175 2598 558 2650 ,ςτςῇναὲαίοντόιιςΓ
573 2612 815 2641 canvassers.
823 2597 834 2617 '
891 2599 948 2639 So

123 2653 144 2701 ξ
163 2667 226 2702 44.
290 2652 367 2691 See
386 2659 480 2691 note
499 2665 552 2691 on
571 2655 629 2702 ἓ
615 2663 658 2691 Ἴ

175 2706 341 2757 equestri
363 2705 459 2753 loco]
487 2705 501 2743 i
527 2718 550 2744 e
576 2706 627 2744 he
654 2705 736 2743 had
755 2705 867 2744 filled
891 2718 947 2744 no

122 2758 249 2805 office,
272 2758 354 2797 and
372 2771 418 2797 so
443 2758 526 2796 had
551 2764 624 2798 not
649 2758 830 2798 attained
853 2765 896 2797 to
923 2772 947 2797 a

121 2817 207 2851 seat
226 2813 269 2849 in
288 2811 356 2850 the
377 2811 539 2851 Senate.

175 2865 293 2903 nulla
299 2892 378 2904 .....
391 2863 616 2913 celebratus]
655 2864 856 2917 probably
891 2865 946 2905 he

123 2930 204 2958 was
240 2931 266 2957 a
296 2927 472 2965 senator,
505 2917 580 2958 but
608 2918 691 2956 had
735 2924 807 2957 not
850 2932 945 2958 won

1036 1427 1172 1467 curule
1191 1428 1382 1467 honours.

1088 1494 1137 1519 ex
1163 1482 1381 1520 annalium
1402 1481 1644 1530 vetustate]‘
1660 1481 1763 1520 from
1792 1482 1860 1521 the

1036 1541 1170 1585 musty
1189 1541 1319 1574 tomes
1338 1535 1385 1573 of
1398 1548 1472 1574 our
1490 1535 1682 1574 reeordsss
1730 1536 1860 1574 Halm

1036 1588 1130 1626 well
1158 1601 1368 1639 compares
1397 1591 1416 1637 ξ
1440 1600 1487 1627 10
1507 1596 1588 1639 pro
1613 1589 1735 1626 amici
1751 1589 1858 1640 peri-

1035 1642 1133 1689 culo,
1164 1644 1174 1661 ‘
1189 1641 1251 1680 for
1269 1655 1294 1680 a
1312 1642 1442 1680 friend
1462 1642 1503 1680 in
1522 1641 1705 1692 danger.’
1760 1643 1860 1681 Add

1038 1696 1059 1742 ἕ
1083 1707 1133 1744 30
1151 1695 1354 1733 simulatio
1367 1696 1612 1746 prudentiae.

1036 1759 1039 1762 ’
1091 1749 1290 1798 nostrum]
1332 1749 1386 1787 ie
1432 1748 1479 1787 of
1529 1749 1626 1787 novi
1667 1749 1856 1787 homines.

1035 1801 1176 1841 Halm.

1084 1854 1263 1903 summa]
1290 1854 1304 1893 i
1324 1868 1346 1894 e
1370 1854 1439 1894 the
1459 1855 1703 1906 consulship,
1724 1855 1856 1894 which

1032 1907 1085 1946 he
1111 1921 1194 1947 was
1220 1908 1392 1959 thought
1420 1914 1462 1947 to
1490 1909 1668 1956 deserve,
1702 1909 1856 1959 though

1033 1961 1085 2000 he
1105 1961 1226 2000 failed
1246 1969 1288 2000 to
1307 1968 1375 2012 get
1394 1961 1437 2000 it.

1090 2015 1126 2063 Q
1154 2016 1365 2065 Pompezus
1403 2014 1560 2065 Rufus]
1597 2015 1739 2054 consul
1782 2029 1851 2066 141

1034 2076 1110 2112 BC,
1147 2081 1288 2107 censor
1332 2081 1400 2118 131
1446 2078 1520 2113 BC,
1559 2067 1644 2107 first
1680 2069 1857 2120 brought

1033 2121 1102 2159 the
1117 2114 1348 2173 consulship
1365 2122 1450 2160 into
1463 2122 1530 2160 the
1543 2135 1642 2173 gens
1654 2123 1854 2173 Pompeia.

1037 2175 1115 2214 See
1137 2174 1245 2213 111n
1265 2175 1370 2213 Verr
1388 2188 1413 2213 v
1432 2178 1451 2223 ξ
1477 2177 1562 2223 181,
1587 2176 1733 2214 Brutus
1751 2178 1771 2224 ξ
1789 2174 1853 2228 96,

1034 2227 1112 2266 Liv
1131 2227 1230 2279 Epit
1251 2240 1315 2279 59,
1337 2228 1516 2267 Velleius
1537 2239 1570 2266 11
1595 2240 1637 2267 21
1663 2245 1701 2279 4.

1086 2282 1140 2319 Μ
1164 2282 1364 2320 Aemz'lzus
1390 2282 1585 2330 Scaurus]
1612 2282 1751 2320 consul
1781 2293 1850 2330 115

1035 2343 1060 2372 B
1077 2344 1115 2381 C,
1161 2347 1302 2373 censor
1346 2347 1419 2386 109
1458 2344 1484 2373 Β
1501 2344 1537 2382 C,
1581 2335 1660 2373 and
1703 2335 1853 2374 chosen

1023 2388 1212 2438 princeps
1241 2393 1402 2426 senatus
1434 2401 1505 2438 115
1528 2398 1552 2426 Β
1567 2397 1604 2426 C.
1653 2388 1854 2427 Asconius

1033 2441 1124 2480 tells
1151 2453 1199 2479 us
1233 2441 1320 2480 that
1356 2441 1419 2479 for
1452 2441 1565 2480 three
1597 2444 1853 2491 generations

1031 2494 1251 2546 preceding
1277 2494 1362 2532 him
1379 2494 1470 2542 the
1486 2494 1625 2544 family
1645 2494 1724 2532 had
1748 2495 1852 2534 been

1032 2548 1161 2586 under
1187 2561 1212 2586 a
1241 2547 1374 2595 cloud,
1407 2560 1452 2586 so
1479 2548 1566 2585 that
1594 2547 1646 2585 he
1681 2560 1763 2586 was
1797 2561 1852 2587 no

1031 2601 1163 2639 better
1181 2600 1242 2638 off
1255 2600 1353 2639 than
1376 2613 1400 2638 a
1419 2613 1546 2639 novus
1562 2599 1652 2638 izon
1647 2613 1688 2638 ο.
1729 2601 1850 2640 Com·

1030 2666 1127 2704 pare
1146 2666 1254 2704 pro
1242 2653 1394 2692 Scauro
1412 2669 1437 2703 4
1456 2666 1491 2692 a.

1083 2719 1205 2758 quam
1238 2719 1320 2744 non
1357 2705 1558 2756 acceperit]
1594 2706 1663 2745 the
1694 2706 1850 2758 subject

1031 2764 1074 2798 to
1111 2759 1162 2798 be
1199 2759 1388 2810 supplied
1425 2760 1459 2798 is
1500 2759 1598 2798 ‘he’
1636 2773 1682 2798 or
1714 2759 1848 2804 ‘one‚'

1030 2825 1074 2851 as
1121 2812 1162 2850 in
1199 2813 1252 2851 de
1297 2811 1353 2850 fin
1391 2821 1443 2851 111
1489 2814 1511 2860 ἓ
1559 2823 1609 2862 70
1652 2811 1852 2857 detrahere

1030 2865 1133 2916 quid
1160 2866 1206 2904 de
1236 2865 1370 2917 aliquo
1405 2866 1514 2918 quod
1544 2866 1621 2905 sibi
1653 2872 1845 2905 assumat.

1030 2918 1211 2958 Tischer.
