2054 3120
130 106 311 175 .V11]

650 98 655 103 ’
711 104 861 157 ‘PRO
905 108 951 156 L
997 107 1325 156 MURENA
1829 120 1887 167 37

157 220 233 268 vel
271 216 477 279 inimicis
518 215 616 275 tuis
652 222 864 278 pateant,
905 222 1099 262 nostros
1136 212 1279 262 etiam
1318 211 1486 279 amicis
1522 220 1663 275 putes
1699 213 1892 261 clausos

158 313 262 346 esse
309 305 545 358 oportere.

618 293 798 343 etenim
846 293 886 342 si
932 310 1011 342 me
1053 303 1136 357 tua
1175 293 1472 342 familiaritas
1510 294 1573 341 ab
1611 294 1705 341 hac
1745 309 1894 341 causa
1917 300 1976 347 10

155 378 440 427 removisset
464 386 512 424 et
544 375 583 425 si
614 377 710 431 hoc
742 375 873 448 idem
905 377 954 436 Q
980 375 1264 435 Hortensio,
1299 377 1354 423 M
1383 378 1575 435 Crasso,
1613 374 1893 423 clarissimis

157 459 280 517 viris,
317 458 355 507 si
392 458 522 506 idem
558 457 743 515 ceteris,
773 473 807 504 a
843 457 1020 519 quibus
1053 456 1283 519 intellego
1319 466 1453 505 tuam
1488 456 1692 520 gratiam
1731 455 1895 518 magni

158 538 414 604 aestimari,
455 538 728 596 accidisset,
771 536 820 584 in
859 553 916 584 ea
953 536 1148 585 civitate
1195 539 1367 585 consul
1409 538 1691 599 designatus
1732 537 1896 585 defen-

158 635 316 668 sorem
354 635 455 667 non
492 619 707 683 haberet,
747 617 796 664 in
838 633 935 679 qua
972 616 1157 665 nemini
1203 608 1420 679 unquam
1469 618 1638 683 infimo
1688 616 1895 665 maiores

158 700 310 748 nostri
344 709 604 762 patronum
641 699 812 746 deesse
844 699 1112 746 voluerunt.

1186 714 1277 760 ego
1301 714 1432 756 vero,
1458 697 1656 757 iudices,
1685 697 1790 759 ipse
1816 713 1895 744 me

159 779 481 828 existimarem
506 777 755 836 nefarium,
778 776 816 825 si
841 777 1014 838 amico,
1041 778 1304 834 crudelem,
1332 777 1371 826 si
1396 777 1587 838 misero,
1615 779 1891 840 superbum,

160 860 198 908 si
224 859 413 908 consuli
438 859 715 907 defuissem.
789 874 938 921 quare
970 859 1106 920 quod
1139 859 1356 906 dandum
1382 866 1456 906 est
1478 857 1739 917 amicitiae,
1765 858 1895 919 large

160 941 354 990 dabitur
378 957 405 988 a
431 957 523 998 me,
550 949 603 988 ut
628 950 791 988 tecum
815 956 971 1002 agam,
997 939 1145 999 Servi,
1166 956 1266 988 non
1292 956 1433 988 secus
1457 956 1516 987 ac
1540 939 1580 987 si
1605 956 1743 988 meus
1768 948 1896 987 esset

160 1021 317 1075 frater,
343 1019 426 1081 qui
452 1018 568 1066 mihi
602 1027 675 1067 est
706 1018 992 1078 carissimus,
1021 1019 1114 1066 isto
1150 1018 1199 1065 in
1235 1019 1376 1066 loco:
1413 1018 1548 1080 quod
1585 1017 1897 1066 tribuendum

161 1111 235 1150 est
259 1102 436 1165 officio,
462 1100 590 1160 fidei,
615 1099 850 1163 religioni,
877 1100 926 1148 id
962 1100 1029 1148 ita
1063 1101 1368 1158 moderabor,
1394 1108 1446 1147 ut
1481 1098 1786 1147 meminerim
1819 1114 1898 1159 me

161 1190 332 1230 contra
355 1180 499 1228 amici
524 1180 737 1229 studium
760 1175 849 1243 pro
874 1180 1018 1228 amici
1044 1180 1261 1242 periculo
1286 1179 1461 1228 dicere.

260 1276 305 1309 v.
355 1260 601 1324 intellego,
627 1260 826 1317 iudices,
853 1259 936 1308 tris
962 1260 1110 1308 totius
1142 1259 1468 1308 accusationis
1493 1267 1653 1321 partes
1678 1256 1824 1306 fuisse
1850 1266 1898 1321 et
1913 1269 1974 1315 11

163 1357 327 1391 earum
364 1357 512 1388 unam
553 1340 603 1388 in
643 1341 1019 1403 reprehensione
1057 1340 1198 1401 vitae,
1238 1343 1439 1389 alteram
1487 1340 1536 1388 in
1579 1339 1898 1388 contentione

163 1449 374 1488 compares
404 1436 455 1475 de
493 1441 581 1474 orat
611 1445 626 1474 1
656 1437 677 1484 5
708 1434 794 1478 166,
823 1435 874 1473 ad
904 1435 985 1474 fam

163 1501 230 1529 V11
271 1502 330 1538 14.
389 1489 516 1528 Gaius
537 1499 585 1528 IV
605 1487 669 1537 68,
692 1489 761 1541 Jul
784 1488 949 1529 Paullus
971 1499 985 1528 1

169 1556 228 1583 10.

214 1596 392 1636 inimicis
427 1596 523 1645 tuis]
570 1595 787 1635 rhetorical
800 1596 985 1636 :inimi-

163 1652 217 1690 cis
235 1650 456 1690 amicorum
475 1656 654 1689 tuorum.
718 1651 860 1691 Halm.

225 1717 269 1744 {o
325 1703 554 1751 voluerunt]
598 1710 671 1742 not
709 1717 734 1742 a
775 1705 868 1750 law,
915 1703 988 1742 but

164 1766 395 1810 customary
438 1758 480 1796 in
519 1757 589 1796 the
629 1757 825 1809 praetor's
866 1758 987 1797 edict.

163 1812 343 1852 Tischer.

218 1880 300 1906 non
327 1879 434 1905 secus
460 1864 522 1913 ac]
554 1876 635 1902 non
662 1865 781 1904 aliter
815 1879 872 1910 ac,
917 1865 990 1904 but

164 1932 246 1959 non
273 1933 378 1959 secus
403 1931 575 1971 quam:
588 1931 668 1957 non
699 1920 836 1958 minus
850 1932 987 1970 quam,

164 1973 325 2026 Zumpt,
351 1973 445 2012 who
465 1985 675 2026 compares
694 1972 757 2012 sor
776 1973 844 2012 the
871 1973 990 2011 latter

165 2027 216 2067 de
245 2027 402 2079 legibus
432 2036 466 2065 11
493 2030 514 2076 5
541 2037 562 2078 5
590 2027 718 2065 dulcis
740 2032 872 2066 autem
907 2039 989 2064 non

167 2081 291 2120 multo
335 2094 441 2120 secus
484 2086 540 2120 est
583 2093 628 2120 ea
677 2080 851 2131 (patria)
893 2093 993 2132 quae

159 2135 302 2187 genuit
326 2147 461 2186 quam,
478 2135 550 2173 zlla
579 2147 680 2186 quac
706 2135 863 2185 excepit.

217 2188 325 2237 esset]
378 2201 432 2227 on
479 2188 737 2239 considering
784 2188 855 2226 the
908 2196 991 2225 MSS

165 2241 382 2293 authority,
412 2242 431 2281 I
458 2255 525 2280 am
553 2255 649 2280 now
668 2240 889 2280 convinced
906 2240 994 2279 that

169 2295 299 2356 ‘Halm
317 2295 351 2335 is
371 2295 477 2347 right
497 2296 539 2334 in
566 2295 747 2347 keeping
771 2295 852 2382 th2is
878 2293 992 2333 read-

166 2361 181 2388 1
240 2377 250 2387 .

183 2361 292 2441 niis-to
329 2403 374 2441 in
421 2402 519 2452 loco]
595 2402 665 2442 the
711 2407 797 2441 seat
836 2401 895 2442 of.
912 2401 994 2460 Jhe

169 2455 332 2496 counsel
351 2455 412 2495 for
437 2456 507 2495 the
533 2456 806 2508 prosecution.
869 2455 992 2494 Com-

168 2521 266 2560 pare
290 2522 364 2561 pro
385 2509 535 2549 Flacco
554 2510 574 2558 5
595 2520 658 2559 Μ,
682 2522 758 2561 pro
780 2509 891 2548 Rosc
910 2509 994 2547 Am

169 2563 190 2610 ἓ
209 2574 256 2613 32
276 2562 335 2601 ad
346 2563 541 2602 subsellia.

222 2615 343 2667 officio
354 2639 408 2646 —
411 2616 519 2668 fidei
530 2639 585 2646 —-
597 2616 797 2668 religioni]
840 2618 850 2637 ‘
866 2613 1007 2667 duty,’'

175 2668 189 2689 ⁶
201 2667 388 2718 honour‚'
410 2671 700 2732 ‘conscience’
763 2671 804 2708 A
825 2668 904 2709 fine
923 2668 994 2709 cli·

172 2734 298 2826 myro
313 2775 438 2815 amici
444 2777 640 2828 periculo]
672 2777 684 2797 ‘
700 2789 755 2816 on
786 2775 933 2816 behalf
955 2775 1003 2815 of

172 2840 198 2867 a
215 2828 346 2868 friend
364 2829 407 2869 in
424 2828 610 2883 danger.'
655 2830 725 2870 the
740 2827 998 2870 abstracfibr

174 2890 372 2922 concrete.
434 2882 526 2924 See*
544 2896 599 2923 on
627 2885 649 2932 5
694 2883 739 2924 16
776 2883 997 2923 annalium

172 2939 368 2984 vetustate,
411 2937 434 2986 5
481 2946 532 2987 47
581 2937 710 2976 morbi
739 2937 995 2976 excusationi.

1061 1436 1288 1488 periculum
1316 1435 1349 1475 is
1383 1435 1451 1474 the
1489 1434 1649 1486 regular
1687 1435 1800 1474 word
1839 1434 1900 1474 sor

1071 1490 1140 1529 the
1200 1490 1284 1528 risk
1351 1502 1424 1527 run
1486 1489 1541 1540 by
1602 1487 1671 1527 the
1727 1489 1900 1528 accused

1070 1543 1113 1582 in
1141 1542 1326 1582 criminal
1354 1542 1479 1581 trials.
1545 1541 1623 1581 See
1651 1555 1704 1581 on
1733 1544 1754 1590 5
1784 1544 1807 1581 8
1835 1556 1898 1581 ac·

1070 1597 1310 1645 cusantibus,
1342 1596 1424 1635 and
1449 1609 1640 1647 compare
1667 1596 1827 1646 Quintil
1851 1606 1899 1635 Vt

1078 1664 1092 1689 1
1127 1652 1148 1699 5
1178 1649 1225 1700 36
1251 1651 1298 1688 de
1318 1650 1612 1688 accusatoribus
1634 1654 1670 1688 et
1698 1651 1773 1688 reis
1808 1663 1900 1688 sum

1071 1705 1235 1753 locutus,
1249 1705 1345 1755 quia
1365 1704 1410 1742 in
1421 1703 1614 1755 periculis
1626 1705 1803 1742 maxime
1811 1717 1897 1742 ver-

1070 1763 1189 1796 satur
1205 1757 1376 1809 affictus.
1453 1757 1522 1796 sed
1538 1757 1727 1808 privatae
1753 1771 1905 1809 quoque

1072 1825 1213 1850 causae
1237 1817 1455 1862 utrumque
1471 1811 1618 1850 habent
1628 1811 1901 1862 perorationis

1098 1878 1207 1904 enus.

1067 1878 1101 1917 g
1124 1932 1162 1957 v.
1193 1929 1251 1958 11.
1301 1917 1393 1957 The
1407 1917 1541 1957 whole
1553 1918 1601 1957 of
1609 1918 1688 1958 this
1692 1918 1907 1969 partitiois

1075 1973 1227 2024 quoted
1246 1972 1328 2011 and
1343 1972 1504 2024 praised
1525 1972 1578 2024 by
1592 1972 1752 2023 Quintil
1775 1982 1822 2011 1v
1839 1983 1861 2022 5
1883 1974 1903 2020 5

1080 2037 1094 2064 1
1105 2039 1138 2065 2.
1167 2026 1216 2064 In
1232 2035 1298 2064 V11
1318 2038 1334 2065 1
1352 2028 1373 2074 5
1389 2035 1433 2065 12
1449 2026 1501 2064 he
1514 2025 1694 2065 remarks
1708 2031 1908 2066 anteactae

1075 2080 1180 2118 vitae
1196 2080 1372 2118 crimina
1383 2080 1623 2131 plerumque
1637 2080 1782 2130 prima
1798 2086 1903 2131 pur-

1071 2133 1212 2185 ganda
1231 2138 1340 2182 sunt,
1361 2138 1407 2171 ut
1426 2133 1478 2182 id,
1509 2133 1555 2172 de
1571 2146 1648 2185 quo
1674 2134 1836 2172 laturus
1853 2140 1905 2173 e'st

1075 2187 1311 2226 sententiam
1349 2187 1480 2234 iudex,
1522 2187 1666 2225 audire
1701 2187 1905 2238 propitius

1077 2241 1254 2292 incipiat.
1290 2240 1495 2292 Compare
1511 2241 1598 2279 also
1612 2250 1713 2280 v112
1735 2243 1778 2289 55
1800 2253 1904 2291 33—

1079 2307 1142 2345 35,
1178 2301 1227 2332 lv
1267 2306 1287 2346 5
1322 2296 1344 2343 5
1374 2307 1410 2345 3.
1495 2294 1573 2334 See
1606 2294 1693 2333 also
1727 2293 1904 2334 Cicero's

1077 2347 1259 2387 remarks
1287 2348 1330 2386 in
1357 2348 1410 2387 de
1438 2354 1526 2387 orat
1555 2357 1586 2386 11
1616 2351 1636 2396 5
1668 2350 1730 2396 80,
1764 2348 1835 2388 div
1863 2348 1905 2388 in

1079 2401 1218 2441 Caecil
1236 2403 1258 2450 5
1278 2414 1342 2452 45.

1130 2456 1377 2494 contentione
1417 2455 1640 2506 digrnz’latik]
1694 2455 1761 2494 ‘in
1808 2468 1903 2495 con-

1079 2510 1250 2560 trasting
1287 2508 1351 2548 his
1386 2508 1528 2558 claims
1564 2515 1606 2548 to
1643 2509 1711 2548 the
1745 2510 1903 2548 consul-

1079 2562 1172 2613 ship
1192 2562 1290 2601 with
1319 2563 1435 2601 those
1464 2555 1512 2601 of
1533 2562 1597 2601 his
1627 2561 1777 2602 rivals.'
1859 2576 1906 2602 so

1078 2617 1100 2665 5
1125 2629 1171 2666 14
1191 2616 1272 2654 and
1298 2615 1340 2654 in
1368 2616 1491 2655 Pison
1516 2617 1536 2663 5
1562 2627 1607 2666 51
1630 2616 1904 2666 fhrtunarum

1078 2669 1372 2708 contentionem.
1434 2669 1663 2709 Otherwise
1683 2670 1723 2708 in
1743 2672 1785 2718 55
1800 2672 1836 2717 8,
1856 2670 1905 2719 56

1081 2720 1242 2760 lionoris
1275 2723 1527 2768 contentione,
1558 2724 1640 2761 and
1670 2723 1722 2762 de
1757 2723 1818 2762 off
1849 2733 1900 2762 111

1078 2777 1102 2824 ξ
1152 2777 1201 2826 87
1259 2776 1396 2816 where
1454 2778 1646 2815 contentio
1704 2777 1903 2815 honorum

1089 2846 1126 2862 =
1153 2829 1331 2880 struggle
1370 2829 1432 2868 sor
1468 2828 1598 2876 office,
1628 2829 1715 2868 also
1751 2832 1794 2868 in
1836 2830 1905 2869 the

1079 2883 1273 2922 contentio
1308 2883 1457 2923 honesti
1494 2889 1530 2922 et
1561 2884 1674 2922 utile&
1705 2883 1753 2923 os
1793 2883 1901 2923 book

1082 2945 1149 2976 111.
