2054 3120
86 96 238 144 XVII
265 91 348 159 35]
652 92 796 140 PRO
840 93 886 139 l.
929 91 1258 140 MURENA
1761 91 1822 152 63

87 203 188 254 eius
213 201 328 251 belli
352 199 647 249 conficiendi
678 199 930 263 negotium
953 208 1091 259 tanto
1129 199 1292 248 studio
1324 200 1532 261 populus
1570 201 1825 247 Romanus

87 285 150 332 ad
187 283 264 332 Cn
295 281 584 344 Pompeium
619 281 884 330 detulisset.
958 280 1096 329 cuius
1135 297 1195 329 ex
1219 281 1447 329 omnibus
1471 280 1660 343 pugniS,
1699 296 1826 342 quae

89 371 202 411 sunt
242 361 632 419 innumerabiles,
660 362 737 410 vel
772 361 1006 410 acerrima
1035 362 1155 409 mihi
1189 362 1382 410 videtur
1401 361 1518 421 uilla,
1553 377 1679 424 quae
1712 377 1825 408 cum

89 458 200 505 rege
238 441 500 490 commissa
534 450 606 490 est
643 449 691 489 et
731 444 922 490 summa
961 442 1276 491 contentione
1318 451 1544 504 pugnata.
1640 458 1737 504 qua
1767 458 1828 489 ex

90 535 255 582 pugna
295 536 410 567 cum
448 536 498 569 se
546 519 626 568 ille
667 519 920 582 eripuisset
966 530 1014 569 et
1055 523 1328 583 Bosporum
1371 521 1680 583 confugisset,
1729 537 1828 583 quo

91 600 329 650 exercitus
363 597 496 649 adire
533 610 850 669 nontposset,
887 600 1033 649 etiam
1069 600 1119 648 in
1155 611 1370 649 extrema
1401 602 1595 650 fortuna
1626 610 1674 650 et
1715 602 1829 663 fuga

91 681 309 729 animum
339 690 503 729 tamen
535 680 730 729 retinuit
760 680 960 743 regium.
1043 680 1206 743 itaque
1237 681 1341 743 ipse
1375 680 1652 743 Pompeius,
1678 698 1829 743 regno

92 776 333 823 possesso,
361 777 422 809 ex
446 760 676 809 omnibus
700 759 795 809 oris
819 777 879 808 ac
902 760 1031 808 notis
1055 761 1253 809 sedibus
1277 763 1417 821 hoste
1441 763 1598 823 pulso,
1623 759 1828 827 [tamen]

94 850 285 890 tantum
309 841 360 888 in
385 840 528 893 unius
551 840 716 888 anima
746 840 924 903 posuit,
962 849 1028 899 ut,
1066 857 1180 898 cum
1213 840 1392 901 omnia,
1409 857 1538 903 quae
1562 840 1642 890 ille
1666 850 1832 889 tenue-

93 930 178 980 rat,
204 921 402 980 adierat,
429 930 654 983 sperarat,
681 921 881 969 victoria
903 921 1188 983 possideret,
1214 930 1380 969 tamen
1403 937 1505 969 non
1527 930 1653 980 ante,
1682 937 1831 983 quam

95 1001 231 1049 illum
277 1001 375 1050 vita
420 1002 697 1064 expulisset,
739 1004 922 1050 bellum
963 1003 1242 1051 confectum
1282 1001 1518 1051 iudicarit.
1600 1002 1732 1058 hunc
1778 1011 1831 1050 tu

50 1080 52 1083 ’
97 1084 301 1142 hostem,
341 1084 482 1142 Cat0,
525 1082 814 1143 contemnis,
849 1098 1066 1144 quocum
1097 1099 1184 1145 per
1217 1091 1291 1131 tot
1325 1099 1483 1130 annos
1524 1090 1597 1131 tot
1623 1079 1832 1145 vproeliis

97 1173 169 1212 tot
206 1163 520 1225 imperatores
561 1164 690 1212 bella
729 1165 1013 1225 gesserant?
1071 1162 1210 1211 cuius
1249 1162 1436 1225 expulsi
1474 1171 1522 1211 et
1557 1162 1699 1211 eiecti
1735 1162 1834 1232 vita

97 1243 219 1292 tanti
249 1260 281 1290 a
311 1245 529 1305 Pompeio
557 1243 831 1292 existimata
854 1253 940 1303 est,
968 1252 1022 1292 ut
1050 1253 1206 1291 morte
1236 1243 1340 1291 eius
1369 1243 1591 1292 nuntiata
1618 1243 1832 1308 denique

97 1325 279 1372 bellum
312 1325 591 1372 confectum
628 1324 952 1372 arbitraretur.
1034 1325 1131 1372 hoc
1162 1323 1307 1387 igitur
1345 1324 1395 1372 in
1433 1326 1564 1373 bello
1595 1327 1636 1372 L
1670 1313 1834 1374 Mure·

99 1417 212 1449 nam
240 1403 454 1464 legatum
482 1402 730 1453 fortissimi
758 1402 923 1462 animi,
968 1403 1147 1451 summi
1175 1403 1379 1462 consilii,
1413 1404 1613 1452 maximi
1653 1405 1833 1453 laboris

99 1484 349 1546 cognitum
381 1477 487 1534 esse
519 1485 840 1544 defendimus,
879 1493 928 1533 et
954 1485 1083 1550 hanc
1106 1484 1210 1533 eius
1235 1501 1435 1547 operam
1459 1501 1568 1534 non
1585 1485 1748 1535 minus
1771 1488 1836 1535 ad

98 1565 405 1612 consulatum
450 1563 822 1626 adipiscendum
864 1581 1012 1626 quam
1053 1565 1181 1612 hanc
1220 1574 1438 1613 nostram
1478 1567 1723 1614 forensem
1767 1565 1837 1614 in-

99 1643 332 1691 dustriam
358 1644 604 1706 dignitatis
628 1644 870 1694 habuisse.

196 1739 323 1772 xvu.
375 1728 445 1773 ‘at
477 1725 605 1778 enim
639 1725 688 1772 in
722 1734 975 1788 praeturae
1002 1725 1239 1788 petitione
1266 1725 1397 1788 prior
1430 1727 1734 1777 renuntiatus
1765 1737 1837 1777 est
1860 1731 1920 1779 35

99 1804 319 1853 Servius.'
399 1805 661 1868 pergitisne
701 1822 788 1857 vos
835 1815 1089 1869 tamquam
1136 1823 1196 1855 ex
1233 1808 1505 1879 syngrapha
1544 1824 1685 1871 agere
1718 1825 1838 1861 *cum

99 1887 296 1947 populo,
331 1894 398 1946 ut,
438 1903 586 1948 quem
616 1888 781 1938 locum
817 1889 968 1935 semel
1007 1887 1207 1935 honoris
1239 1888 1453 1956 cuipiam
1485 1889 1686 1949 dederit,
1725 1906 1841 1938 eun-

99 1965 213 2014 dem
241 1965 290 2013 in
319 1965 516 2028 reliquis
543 1957 812 2015 honoribus
842 1968 1061 2016 debeat?
1119 1968 1255 2030 quod
1288 1967 1419 2023 enim
1450 1970 1641 2040 fretum,
1691 1987 1839 2033 quem

151 2099 242 2124 cum
271 2086 369 2137 rege]
406 2086 462 2126 ie
494 2087 564 2127 the
591 2088 855 2140 night-battle
883 2103 930 2129 or

100 2140 273 2191 surprise
304 2141 360 2191 by
387 2140 457 2180 the
483 2141 728 2193 Euphrates,
762 2152 830 2182 BC
859 2142 925 2182 66.

101 2193 141 2231 A
167 2193 278 2244 good
310 2193 538 2245 conjecture
569 2195 602 2234 is
631 2195 701 2235 the
733 2196 926 2237 insertion

100 2245 147 2284 of
167 2252 277 2286 nocte
301 2246 398 2286 here
434 2247 572 2288 before
608 2250 816 2289 commissa
859 2250 923 2303 (F.

101 2299 300 2349 Richter).
435 2344 438 2345 ⁷

153 2354 349 2403 tenuerat]
385 2354 448 2394 his
485 2354 697 2407 kingdom.
755 2357 922 2405 adierat,

103 2405 171 2445 the
217 2406 382 2446 Roman
425 2409 675 2460 possessions
721 2410 763 2449 in
808 2411 920 2450 Asia.

101 2465 291 2510 sperarat,
328 2461 398 2500 the
425 2462 512 2504 rule
539 2463 587 2502 of
603 2463 673 2503 the
701 2464 928 2504 Caucasiau

102 2513 288 2553 districts.
350 2515 492 2554 Halm.

1064 2091 1194 2130 locum
1223 2090 1401 2142 honoris]
1431 2091 1547 2143 place
1576 2105 1631 2132 on
1660 2093 1729 2133 the
1762 2094 1840 2133 roll

1011 2143 1058 2184 of
1071 2144 1199 2193 office,
1230 2147 1240 2164 ‘
1256 2146 1535 2197 precedence.'

1063 2199 1172 2250 quod
1187 2199 1294 2238 enim
1322 2197 1421 2250 etc.]
1441 2199 1598 2251 loosely
1616 2200 1771 2251 quoted
1785 2201 1842 2252 by

1013 2251 1142 2301 Quint
1161 2261 1251 2290 V111
1279 2251 1304 2292 6
1329 2254 1350 2301 ἓ
1378 2264 1441 2302 49,
1464 2253 1565 2292 with
1590 2253 1659 2292 the
1680 2255 1841 2294 remark

1010 2305 1120 2343 illud
1132 2319 1221 2344 vero
1238 2306 1352 2357 longe
1371 2306 1694 2357 speczbsz’ssz'mum
1715 2321 1842 2358 genus

1011 2358 1217 2407 orationis,
1241 2359 1287 2398 in
1312 2373 1389 2410 quo
1415 2359 1543 2399 trium
1556 2361 1764 2411 permixta
1788 2368 1843 2401 est

1005 2412 1156 2463 gratia,
1167 2412 1460 2462 similitudian
1474 2415 1692 2465 allegoriae,
1705 2421 1839 2454 trans-

1010 2465 1182 2505 lationis.

1054 2519 1230 2580 fretum]
1277 2519 1496 2572 especially
1539 2521 1608 2560 the
1658 2521 1838 2561 Sicilian.

155 2579 182 2604 a
225 2567 425 2619 Pompeio]
471 2569 551 2609 this
588 2569 622 2609 is
659 2570 837 2610 inserted
873 2571 929 2622 by

106 2618 275 2670 Kayser,
315 2622 398 2661 and
433 2635 563 2662 seems
600 2623 670 2663 the
706 2624 796 2664 best
833 2637 927 2664 con-

101 2671 270 2723 jecture.
326 2674 456 2714 Halm
475 2677 557 2715 and
578 2676 705 2716 Sorof
719 2684 862 2731 accept
883 2679 927 2718 it.

157 2725 422 2778 defindimus]
443 2742 509 2768 see
528 2743 582 2769 on
601 2732 622 2779 ἕ
644 2743 679 2780 5.

133 2778 240 2839 ‘xvii
270 2789 320 2831 35
357 2787 404 2821 at
427 2783 551 2834 enim]
587 2796 779 2838 compare
810 2785 928 2825 Mad-

106 2833 211 2883 v1g§
230 2843 307 2894 4:⁹²3
327 2846 361 2873 c.

150 2887 382 2937 pergmsne]
401 2887 492 2929 The
504 2889 678 2943 thought
690 2904 790 2945 goes
803 2892 925 2942 back,

33 2975 39 2981 ,
105 2949 150 2977 as
171 2937 301 2978 Halm
320 2951 423 2992 says,
446 2939 490 2982 to
508 2944 530 2992 5
553 2945 615 2984 18.

1012 2572 1238 2623 Eumpum,
1276 2574 1497 2626 especially
1533 2574 1621 2613 that
1654 2575 1841 2615 between

1013 2625 1185 2665 Euboea
1222 2627 1304 2666 and
1332 2627 1402 2667 the
1427 2627 1650 2677 mainland,
1681 2629 1770 2668 said
1797 2635 1840 2668 to

1013 2679 1094 2718 ebb
1113 2680 1194 2718 and
1215 2680 1310 2719 flow
1330 2690 1351 2731 7
1371 2681 1490 2720 times
1510 2694 1534 2720 a
1548 2682 1628 2733 day
1645 2697 1654 2721 ε
1686 2695 1752 2722 see
1773 2682 1842 2721 Mr

1013 2732 1176 2772 Tozer's
1185 2733 1428 2786 Geography
1439 2734 1655 2783 ofGreece,
1669 2735 1841 2776 Lecture

1014 2785 1082 2834 vii,
1116 2785 1180 2825 for
1206 2787 1275 2826 the
1304 2787 1529 2828 wonderful
1557 2789 1662 2828 tides
1690 2789 1736 2828 of
1759 2788 1840 2829 this

1016 2839 1202 2880 charmel.
1242 2841 1390 2880 ‘What
1409 2841 1538 2890 strait,
1562 2842 1672 2881 what
1691 2843 1835 2890 sound,

1017 2892 1138 2933 think
1159 2906 1253 2945 you,
1270 2894 1355 2934 -has
1382 2894 1434 2934 its
1461 2908 1597 2935 waves
1625 2895 1768 2936 lashed
1786 2896 1842 2948 by

1017 2946 1118 2987 such
1154 2947 1310 2988 violent
1350 2954 1498 2989 storms
1530 2962 1577 2988 or
1612 2949 1758 2990 turned
1787 2950 1843 3000 by
