2054 3120
147 93 324 143 XXXI
352 87 435 157 64]
705 87 855 138 PRO
899 89 945 136 L
990 88 1318 137 MURENA
1824 90 1886 151 89

146 201 384 253 moderati
430 199 655 249 homines
691 208 740 248 et
774 198 1044 262 temperati,
1082 198 1217 247 aiunt
1251 199 1383 261 apud
1420 197 1690 261 sapientem
1726 191 1886 248 valere

146 284 412 348 aliquando
447 282 678 345 gratiam:
725 281 813 329 viri
859 281 979 330 boni
1015 298 1122 330 esse
1157 280 1385 340 misereri,
1435 281 1663 330 distincta
1707 297 1887 344 genera

147 382 253 416 esse
289 364 578 414 delictorum
615 371 663 411 et
698 362 915 425 dispares
950 377 1152 424 poenas,
1189 377 1296 409 esse
1331 361 1463 423 apud
1496 360 1747 410 hominem
1773 379 1887 411 con-

147 456 354 495 stantem
403 442 691 507 ignoscendi
736 444 917 501 locum,
976 441 1137 505 ipsum
1190 441 1457 504 sapientem
1507 458 1653 505 saepe
1699 442 1885 506 aliquid

148 528 337 591 opinari
378 525 534 592 [quod
569 521 791 589 nesciat],
840 522 980 572 irasci
1018 539 1407 586 nonnumquam,
1448 524 1633 572 exorari
1671 525 1885 573 eundem

148 617 196 656 et
230 607 423 671 placari,
460 606 596 668 quod
629 604 802 654 dixerit
826 604 1082 664 interdum,
1115 604 1155 652 si
1184 603 1252 652 ita
1282 603 1458 652 rectius
1491 603 1564 664 sit,
1592 614 1794 665 mutare,
1821 607 1884 654 de

147 689 389 739 sententia
434 689 674 737 decedere
731 686 1025 749 aliquando:
1084 701 1255 734 omnes
1300 685 1500 734 virtutes
1548 685 1885 734 mediocritate

147 772 360 833 quadam
407 787 511 818 esse
557 769 846 818 moderatas.
918 781 1064 814 XXXI.
1113 767 1203 814 hos
1238 766 1301 814 ad
1336 764 1591 828 magistros
1627 765 1667 814 si
1702 782 1801 828 qua
1836 776 1883 815 te
1909 768 1973 816 64

146 854 350 911 fortuna,
391 854 531 909 Cato,
569 866 681 897 cum
716 850 808 898 ista
841 857 1014 896 natura
1049 847 1316 906 detulisset,
1352 863 1454 895 non
1490 855 1542 894 tu
1578 846 1778 909 quidem
1812 846 1885 895 vir

146 931 317 980 melior
363 947 492 980 esses
530 946 623 978 nec
659 929 828 977 fortior
863 944 956 975 nec
993 927 1305 990 temperatior
1349 943 1442 975 nec
1481 926 1883 989 iustior—neque

147 1010 278 1058 enim
314 1026 421 1059 esse
456 1019 677 1073 potes—,
715 1010 802 1058 sed
836 1009 984 1071 paulo
1019 1009 1083 1056 ad
1118 1007 1370 1056 lenitatem
1407 1008 1707 1070 propensior.
1779 1025 1884 1057 non

146 1106 397 1139 accusares
435 1090 579 1138 nullis
625 1091 867 1138 adductus
913 1087 1192 1147 inimicitiis,
1220 1090 1366 1136 <nulla
1405 1089 1657 1137 lacessitus
1692 1088 1880 1148 iniuria,

146 1171 556 1234 pudentissimum
601 1169 868 1228 hominem,
917 1186 1107 1218 summa
1153 1169 1389 1233 dignitate
1437 1179 1583 1233 atque
1624 1172 1883 1220 honestate

146 1252 421 1315 praeditum
438 1269 451 1311 3
497 1260 705 1313 putares,
755 1267 868 1299 cum
903 1251 954 1298 in
990 1250 1209 1301 eiusdem
1243 1244 1365 1299 anni
1395 1251 1618 1309 custodia
1650 1261 1700 1301 te
1734 1260 1884 1314 atque

148 1334 190 1379 L
215 1334 474 1380 Murenam
498 1333 692 1379 fortuna
714 1332 972 1394 posuisset,
1011 1331 1175 1394 aliquo
1205 1339 1253 1380 te
1282 1348 1397 1380 cum
1427 1333 1524 1381 hoc
1554 1332 1623 1381 rei
1657 1333 1884 1396 publicae

146 1412 342 1461 vinculo
367 1428 473 1464 esse
498 1411 847 1460 coniunctum:
883 1414 1020 1475 quod
1051 1412 1277 1462 atrociter
1307 1413 1355 1461 in
1390 1423 1563 1462 senatu
1589 1414 1764 1474 dixisti,
1800 1425 1885 1464 aut

146 1497 247 1543 non
272 1493 475 1542 dixisses
499 1502 583 1542 aut
609 1493 908 1557 seposuisses
931 1502 1016 1542 aut
1039 1493 1284 1543 mitiorem
1307 1494 1359 1543 in
1382 1504 1571 1558 partem
1605 1496 1885 1560 interpreta-

199 1595 316 1633 Plato
342 1593 514 1632 founder
549 1593 597 1632 of
636 1594 706 1633 the
744 1594 970 1634 Academic

146 1648 300 1695 school,
324 1649 364 1686 A
369 1647 515 1686 rz'stotle
532 1647 579 1686 of
591 1647 659 1687 the
681 1648 943 1699 Peripatetic.

201 1702 393 1740 moderati
407 1707 443 1739 et
458 1702 680 1752 temperati]
700 1702 746 1741 of
754 1715 808 1741 no
820 1702 975 1741 violent

146 1769 192 1795 or
210 1761 389 1795 extreme
407 1754 545 1795 views.

199 1809 250 1858 et]
284 1809 365 1848 and
395 1808 524 1847 hence
557 1808 671 1848 there
707 1808 741 1848 is
780 1822 805 1848 a
842 1822 972 1848 corre-

147 1863 350 1915 sponding
368 1862 585 1902 difference
604 1863 646 1901 in
661 1863 745 1913 [the
762 1864 972 1915 appropri-

1108 1595 1346 1644 moderatas]
1390 1609 1459 1635 are
1495 1596 1624 1649 ruled,
1655 1598 1877 1649 tempered.

1054 1661 1140 1694 esse,
1168 1651 1258 1688 ‘are
1278 1662 1373 1688 seen
1391 1655 1435 1689 to
1454 1650 1535 1698 be,'
1558 1651 1572 1690 i
1591 1665 1614 1691 e
1641 1651 1698 1703 by
1722 1652 1792 1692 the
1812 1665 1886 1704 eye

1058 1702 1106 1742 of
1120 1702 1189 1742 the
1210 1703 1492 1754 Philosopher.

1111 1757 1206 1795 xxxi
1244 1757 1296 1805 64
1350 1758 1564 1807 detulisset]
1604 1772 1797 1811 compare
1834 1760 1886 1800 de

1059 1810 1121 1849 off
1144 1820 1159 1849 I
1189 1811 1210 1858 ἓ
1239 1822 1289 1860 47
1319 1811 1452 1850 maior
1481 1813 1589 1851 enim
1611 1819 1716 1864 pars
1743 1828 1782 1853 eo
1800 1814 1891 1865 fere

1057 1863 1206 1914 deferri
1224 1865 1318 1903 solet
1335 1878 1410 1916 quo
1428 1879 1454 1904 a
1474 1871 1627 1905 natura
1656 1868 1742 1918 ipsa
1770 1868 1885 1907 dedu-

148 1917 231 1966 ate]
249 1915 543 1968 punishments.

199 1971 308 2022 quod
338 1970 665 2021 nesciatJ=quod
706 1984 789 2009 non
825 1975 975 2009 certum

147 2024 254 2065 sciat.
291 2059 298 2064 .
319 2024 357 2062 T
359 2024 490 2063 ischer
525 2024 620 2063 well
657 2037 868 2076 compares
905 2025 975 2063 the

148 2076 310 2130 equally
323 2077 580 2117 remarkable
599 2078 651 2116 ad
672 2079 747 2117 Att
762 2089 830 2117 XII
852 2091 901 2129 23
917 2079 936 2125 ἓ
953 2092 974 2117 2

149 2133 195 2171 de
225 2132 351 2182 Oropo
379 2131 523 2182 opinor
552 2132 622 2170 sed
654 2137 806 2171 certum
835 2132 973 2171 nescio.

151 2185 280 2224 Halm
308 2185 342 2224 is
373 2185 554 2224 inclined
580 2191 623 2225 to
652 2186 751 2225 look
774 2199 886 2238 upon
905 2186 975 2225 the

150 2239 282 2278 words
301 2251 345 2278 as
365 2252 389 2277 a
406 2239 530 2290 gloss.

203 2293 479 2342 mediocritate]
555 2292 707 2333 Plato’s
753 2291 969 2343 μετριότης,

157 2345 381 2386 Aristotle’s
427 2346 612 2395 μεσότης.
670 2347 876 2399 Compare
915 2348 977 2386 Ar

155 2400 236 2439 Eth
253 2409 288 2439 11
308 2399 333 2440 6
350 2401 371 2448 ξ
397 2413 443 2452 13
458 2400 628 2449 μεσότης
647 2416 706 2441 τις
726 2401 802 2451 ἄρα
823 2402 932 2440 ἐστὶν
950 2401 976 2448 ἡ

153 2451 286 2503 σῖρετή,
308 2455 556 2503 στοχαστική
573 2469 625 2505 ’γε
637 2454 736 2494 οὖσα
754 2457 825 2494 τοῦ
838 2456 974 2502 μέσου,

153 2519 175 2546 e
194 2519 221 2558 g
247 2513 336 2559 true
360 2508 532 2560 bravery
555 2511 589 2548 is
618 2509 687 2549 the
707 2522 840 2551 mean.
866 2509 974 2548 rash-

155 2573 245 2600 uess
274 2560 357 2600 and
386 2562 612 2602 cowardice
644 2563 770 2614 being
805 2563 875 2602 the
909 2576 976 2602 ex-

155 2622 300 2653 tremes
317 2614 502 2655 between
520 2616 655 2656 which
676 2617 707 2656 it
727 2617 811 2656 lies.
873 2616 977 2655 Also

156 2666 229 2707 Cic
247 2667 299 2706 de
317 2668 378 2707 off
391 2679 408 2708 1
428 2670 447 2718 ἓ
466 2671 531 2720 89.

207 2721 400 2771 quadam]
455 2735 499 2762 as
553 2723 677 2772 often,
729 2723 973 2776 apologetic.

160 2773 270 2813 Here
288 2773 341 2813 he
359 2774 431 2815 has
450 2775 533 2827 just
552 2779 653 2817 used
672 2779 919 2817 mediocritas
938 2778 979 2816 in

156 2840 180 2866 a
199 2827 407 2868 restricted
429 2842 543 2870 sense
563 2844 606 2870 as
626 2845 651 2871 a
669 2832 909 2870 translation
938 2831 986 2870 of

157 2879 337 2928 μεσότης.
396 2881 453 2922 So
485 2889 534 2922 ut
559 2885 617 2924 ita
651 2886 797 2926 dicam.
860 2885 981 2925 Com-

157 2946 253 2989 pare
272 2934 324 2975 de
341 2934 397 2975 fin
419 2945 453 2976 11
473 2938 494 2987 ξ
518 2950 578 2978 11.

1055 1919 1173 1966 citur,
1209 1919 1303 1957 Hor
1328 1919 1423 1970 Epp
1453 1929 1468 1958 Ι
1502 1933 1519 1959 1
1547 1932 1700 1971 14-—15
1733 1922 1890 1961 nullius

1057 1972 1239 2011 addictus
1252 1973 1394 2011 iurare
1409 1973 1453 2011 in
1473 1974 1590 2012 verba
1610 1975 1799 2026 magistri
1814 1990 1890 2028 quo

1058 2039 1120 2064 me
1153 2039 1322 2078 cumque
1353 2028 1466 2078 rapit
1500 2033 1702 2080 tempestas
1738 2030 1785 2068 de
1803 2043 1894 2069 eror

1059 2080 1203 2131 hospes.

1052 2149 1056 2157 ⁴
1113 2133 1283 2182 natura]
1313 2146 1381 2174 see
1410 2147 1464 2173 on
1492 2137 1513 2184 ξ
1545 2145 1604 2188 79,
1627 2137 1709 2176 and
1731 2137 1795 2177 for
1814 2138 1890 2177 ista

1059 2200 1251 2239 compare
1270 2189 1289 2235 ἓ
1311 2188 1358 2239 78
1380 2188 1451 2227 isto
1469 2190 1618 2230 animo.

1088 2241 1368 2334 8tubquia'em]
1415 2255 1608 2296 compare
1656 2246 1831 2298 Madvig
1869 2249 1890 2295 ἓ

1112 2349 1378 2400 temperatior]
1406 2364 1519 2391 more
1552 2352 1886 2403 sels-controlled,

1060 2403 1388 2453 σωφρονέστερος.

1114 2456 1358 2508 inimicitiis]
1387 2471 1578 2511 compare
1611 2462 1632 2510 ἓ
1666 2459 1729 2511 56,
1772 2471 1806 2500 II
1847 2463 1887 2501 in

1061 2509 1233 2549 Verrem
1253 2520 1306 2549 111
1326 2513 1346 2560 ἓ
1372 2525 1404 2551 1.

1108 2564 1465 2615 pudentissimum]
1495 2580 1540 2606 so
1564 2568 1605 2607 in
1634 2570 1654 2617 ἓ
1687 2581 1737 2620 30
1757 2571 1896 2620 pudor

1071 2618 1129 2650 =‘
1144 2630 1260 2657 sense
1280 2618 1327 2658 of
1340 2619 1527 2659 honour.'

1115 2671 1326 2721 honestate]
1355 2685 1423 2713 see
1442 2687 1496 2713 on
1514 2677 1535 2724 ἓ
1557 2676 1622 2725 87.

1115 2726 1308 2816 [ἔςίοιίία]
1353 2739 1399 2766 as
1439 2728 1612 2768 tribune.
1689 2730 1894 2782 Compare

1062 2779 1178 2935 {orei
1200 2833 1397 2884 publicae]
1426 2834 1490 2875 for
1525 2838 1706 2888 genitive
1739 2851 1806 2878 see
1835 2853 1892 2895 ,οη

1024 2898 1026 2902 ,
1109 2899 1139 2926 Ι.
1517 2907 1519 2912 ,

1115 2940 1358 2992 εφωιιιὶτςω]
1376 2942 1514 2983 would
1530 2943 1634 2984 have
1647 2951 1708 2985 set
1724 2945 1753 2986 it
1766 2946 1892 2987 aside-
