2054 3120
159 122 163 124 “
210 117 303 160 114
349 101 803 151 VARIATIONS
842 102 1064 150 FROM
1096 101 1380 151 HALM'S
1426 103 1630 151 TEXT
1667 95 1792 151 1868

284 209 390 258 527.
446 213 637 259 corrupta
655 212 708 247 et.
765 212 956 259 corrupta
973 220 1034 247 ac.
1066 207 1125 246 H.
1260 212 1465 259 putarent.
1519 214 1726 260 putarunt.
1758 209 1817 248 H.

283 275 390 322 528.
446 274 679 326 aliquando.
739 274 1004 326 aliquamdiu.
1035 274 1094 315 H.

282 340 303 388 5
326 352 390 392 29.
445 340 676 380 nonnullos.
731 339 842 392 apud
861 352 949 379 nos.
971 340 1030 379 H.

284 407 303 454 5
325 418 389 456 30.
445 406 591 459 aliquis
609 413 735 446 motu.
795 405 933 459 aliquo
951 411 1078 445 motu.
1102 406 1161 445 Η.
1243 406 1396 458 geritur
1413 419 1477 446 res
1495 406 1708 459 [publica].
1780 410 1933 462 geritur

203 484 280 512 res.
303 473 363 512 H.

283 543 304 590 5
326 553 387 592 31.
447 540 713 592 gratissimae.
769 539 1024 579 clarissimae.
1048 539 1108 578 H.

284 609 306 656 5
328 619 391 657 32.
449 607 550 646 mihi
570 613 758 646 statuam.
804 607 907 646 mihi
929 610 1078 647 statuo.
1109 607 1169 646 H.
1304 619 1526 659 numquam
1549 620 1641 648 cum
1660 607 1851 661 Scipione
1870 622 1930 649 es-

203 679 276 714 set.
336 687 545 726 nunquam
583 680 701 714 esset.
741 674 798 713 H.
992 673 1102 713 hunc
1138 686 1276 725 regem
1312 674 1503 713 nimirum
1532 680 1769 727 antepones.
1822 676 1931 716 hunc

203 746 439 793 antepones.
471 742 529 782 H.
642 753 803 793 pugnae
819 745 928 780 certe
945 753 1029 780 non
1047 740 1172 779 rudis.
1211 753 1376 793 pugnax
1394 747 1435 781 et
1452 754 1546 781 acer
1564 748 1605 782 et
1622 755 1707 782 non
1723 743 1846 783 rudis.
1866 743 1924 782 H.

202 806 313 846 bello
331 807 550 846 invectum.
604 807 759 846 bellum
776 807 1004 847 invexisset.
1030 808 1090 847 H.

284 874 306 922 5
329 875 392 924 38.
451 875 645 925 sumpsit3
670 874 758 925 ipse
777 886 918 913 cum...
976 874 1149 926 sumpsit
1167 873 1267 926 ipse,
1287 887 1430 915 cum...
1455 875 1514 915 H.
1609 876 1926 930 praerogativae.

204 938 276 986 (sic
296 944 337 978 et
357 939 402 978 H
422 939 475 979 ed
496 938 630 990 1872).
686 939 1030 991 praerogativum.
1061 940 1121 978 H.

281 1007 303 1054 5
322 1019 386 1056 40.
446 1007 484 1046 L
504 1006 630 1055 Otho,
655 1007 733 1056 [vir
750 1006 914 1055 fortis‚].
970 1007 1008 1045 L
1028 1006 1155 1055 Otho,
1179 1006 1241 1046 vir
1258 1006 1386 1046 fortis.
1418 1008 1476 1047 H.-

280 1074 302 1121 5
322 1085 387 1123 42.
443 1073 532 1125 ipse
551 1079 700 1112 autem.
760 1072 849 1124 ipsa
867 1078 1016 1111 autem.
1038 1073 1082 1111 H
1108 1071 1171 1123 (ex
1191 1071 1334 1124 coni.).

199 1139 356 1179 interea
384 1140 543 1179 Romae
571 1140 726 1180 scilicet
758 1139 1029 1190 amicis-(sic
1109 1140 1263 1179 interea
1281 1139 1434 1180 amicis.
1468 1140 1526 1180 H.

202 1212 242 1246 et
263 1207 309 1246 H
329 1206 380 1246 ed
404 1209 537 1257 1872).

282 1275 390 1325 543.
450 1275 628 1315 Servius.
684 1273 897 1325 [Servius].
929 1274 986 1314 H.
1194 1273 1462 1314 consulatum.
1529 1274 1840 1324 [consulatum].
1866 1276 1927 1317 H.
2000 1287 2005 1297 ’

199 1343 263 1382 his
283 1343 414 1382 rebus.
470 1343 514 1382 in
531 1343 581 1382 iis
599 1342 730 1382 rebus.
766 1342 826 1381 H.

279 1412 301 1459 5
321 1421 385 1460 45.
446 1416 516 1450 aut
535 1410 750 1449 desertam.
809 1414 855 1448 ut
874 1408 1089 1447 desertam.
1121 1407 1179 1446 H.

284 1478 306 1525 5
327 1474 391 1528 46.
449 1475 701 1515 existimasti.
761 1474 795 1514 si
815 1473 1067 1513 existimasti.
1091 1473 1150 1512 H.
1338 1471 1470 1512 facere
1488 1484 1609 1524 posse
1626 1487 1636 1512 x
1655 1472 1929 1513 vehementer.

198 1542 331 1582 facere
349 1555 482 1594 posse,
507 1542 779 1581 vehementer.
802 1541 861 1580 H.

279 1612 301 1659 5
322 1620 384 1660 47.
444 1611 677 1663 proderant.
732 1609 937 1662 proderat.
959 1608 1020 1647 H.
1120 1605 1462 1659 prorogationem.
1506 1605 1843 1658 perrogationem.
1869 1608 1929 1646 H.

279 1680 387 1728 548.
445 1678 682 1730 sapientiae.
738 1676 926 1716 satietati.
953 1676 1013 1715 H.

279 1747 301 1794 5
322 1757 386 1797 49.
443 1745 592 1797 quibus
628 1744 749 1783 rebus
786 1750 895 1783 certe
934 1756 1027 1795 spes

200 1811 510 1850 candidatorum
529 1809 779 1850 obscuriores
807 1808 937 1848 videri
964 1821 1026 1848 so-

198 1878 298 1917 lent.
359 1878 421 1926 (H
449 1878 581 1928 1872).

198 1943 514 1983 circumfluente.
576 1942 939 1982 circumfluentem.
971 1941 1030 1979 H.

281 2012 302 2059 5
325 2023 389 2062 51.
446 2011 543 2063 quia
561 2010 770 2050 timebant.
832 2012 930 2062 quia
948 2009 1086 2049 omnia
1104 2009 1315 2049 timebant.
1337 2009 1396 2049 H.

276 2080 299 2126 5
320 2087 385 2127 52.
439 2077 626 2117 homines
644 2078 726 2116 iam
746 2083 833 2116 turn
853 2076 1092 2116 coniuratos.
1128 2088 1198 2115 om
1218 2077 1278 2115 H.
1325 2089 1350 2115 a
1371 2076 1561 2118 Catilina.
1611 2077 1843 2117 Catilinam.
1867 2077 1926 2116 H.

275 2146 298 2193 5
319 2153 383 2195 55.
439 2156 544 2195 quae
563 2143 716 2183 relicta.
772 2156 877 2195 quae
895 2142 934 2182 ei
951 2143 1105 2182 relicta.
1134 2143 1193 2182 H.

277 2215 298 2262 5
318 2222 384 2263 57.
438 2212 591 2252 amicis.
651 2212 815 2251 amicus.
843 2211 903 2250 H.

276 2281 298 2328 5
320 2281 384 2329 58.
439 2279 582 2331 possit.
637 2284 788 2330 posset.
812 2278 872 2317 H.

275 2348 297 2395 5
317 2344 383 2386 62.
440 2346 579 2386 dixisti
597 2361 607 2385 ε
637 2346 802 2398 quippe,
824 2345 917 2384 iam.
1026 2344 1164 2384 dixisti
1184 2344 1409 2397 quippiam.
1441 2345 1497 2384 H.

273 2413 379 2464 563.
435 2427 524 2454 esse
554 2414 786 2454 moderatas
820 2413 894 2463 (sic
923 2418 964 2453 et
989 2412 1035 2452 H
1068 2414 1121 2453 ed
1156 2413 1289 2464 1872).
1353 2426 1442 2452 esse
1470 2412 1754 2454 moderandas.
1787 2413 1832 2452 H
1861 2413 1927 2462 (ex

198 2479 336 2532 coni.).

274 2549 296 2596 5
315 2546 379 2597 64.
436 2548 693 2600 seposuisses.
753 2546 787 2587 si
807 2547 989 2587 dixisses.
1012 2548 1071 2586 H.
1094 2546 1142 2599 (si
1160 2547 1376 2600 posuisses.
1398 2547 1444 2586 H
1481 2545 1613 2599 1872).

275 2615 297 2662 5
317 2612 381 2663 65.
440 2614 508 2653 isti
526 2615 605 2666 ipsi
623 2614 740 2654 mihi.
799 2615 869 2654 isti
886 2615 1002 2655 mihi.
1028 2615 1087 2654 H.

195 2680 298 2720 nihil
316 2680 486 2720 omnino
504 2682 659 2732 gratiae
679 2683 937 2722 concesseris.
1046 2682 1151 2722 nihil
1170 2683 1326 2733 gratiae
1345 2695 1467 2722 causa
1485 2682 1640 2723 seceris.
1662 2685 1720 2724 H.

194 2746 333 2792 etiam,
352 2747 396 2786 in
414 2746 675 2787 dissolvenda
692 2748 904 2788 severitate
918 2763 931 2798 3
951 2748 1023 2787 sed
1103 2748 1240 2797 etiam,
1262 2748 1334 2788 sed
1352 2753 1500 2787 tamen.
1532 2750 1591 2789 H.

195 2818 348 2852 tamen.

276 2882 298 2930 ἓ
318 2878 385 2924 66.
441 2883 685 2924 sententiam
704 2885 906 2924 sententia
923 2883 1016 2925 alia.
1075 2884 1277 2925 sententia
1296 2883 1389 2925 alia.
1419 2884 1480 2924 11.

1105 1741 1253 1793 quibus
1289 1741 1409 1780 rebus
1441 1739 1595 1780 candor
1620 1740 1709 1792 ipse
1739 1741 1931 1780 candida-

1105 1816 1240 1849 torum
1259 1810 1468 1849 obscurior
1485 1808 1615 1848 videri
1633 1808 1748 1848 solet.
1779 1809 1840 1848 H.

2051 245 2054 252 .
2045 196 2054 234 ...,
2025 0 2054 180 ..n-...md

2044 1093 2054 1159 ...aa
2051 1014 2054 1055 -.-.
2045 985 2054 1002 -ι
2051 921 2054 949 --
