2054 3120
178 100 242 147 30
741 88 891 137 PRO
936 90 981 136 L
1027 88 1348 138 MURENA
1808 84 1854 153 [1
1883 102 1909 134 2

176 189 379 240 feliciter
415 182 641 254 eyeniret,
673 191 807 242 idem
844 210 1016 256 precor
1050 196 1112 243 ab
1150 194 1307 243 isdem
1345 194 1420 243 dis
1457 193 1810 243 immortalibus
1847 195 1912 243 ob

177 271 397 320 eiusdem
428 271 639 321 hominis
677 260 986 322 consulatum
1023 290 1123 321 una
1158 290 1272 321 cum
1310 275 1464 322 salute
1499 274 1837 334 obtinendum,
1863 282 1913 324 et

177 358 231 398 ut
253 358 439 399 vestrae
462 359 651 399 mentes
674 361 821 414 atque
850 352 1118 401 sententiae
1150 369 1264 400 cum
1293 352 1465 415 populi
1497 340 1712 402 Romani
1742 355 1913 402 volun-

177 430 357 479 tatibus
403 431 736 494 suffragiisque
781 431 1089 480 consentiant
1136 448 1290 494 eaque
1334 449 1410 481 res
1448 432 1587 482 vobis
1625 435 1910 496 populoque

178 512 408 559 Romano
432 527 617 574 pacem,
645 511 1055 575 tranquillitatem,
1083 512 1238 560 otium
1270 512 1681 577 concordiamque
1708 513 1905 561 adferat.

178 589 356 652 quodsi
379 590 459 638 illa
482 591 729 639 sollemnis
754 589 1063 639 comitiorum
1086 590 1300 652 precatio
1325 591 1658 639 consularibus
1681 590 1908 653 auspiciis

178 679 461 718 consecrata
490 678 676 718 tantam
713 670 858 718 habet
890 670 941 717 in
973 686 1025 718 se
1055 669 1155 718 vim
1188 678 1236 718 et
1265 670 1562 733 religionem,
1589 679 1821 732 quantam
1844 670 1914 720 rei
1972 701 1975 705 -

178 750 403 812 publicae
427 749 634 812 dignitas
662 751 889 812 postulat,
916 749 1048 797 idem
1083 765 1174 811 ego
1206 766 1316 810 sum
1346 759 1584 812 precatus,
1609 759 1664 799 ut
1696 750 1764 799 eis
1796 767 1914 813 quo-

181 843 278 890 que
301 827 593 886 hominibus,
621 828 798 890 quibus
826 827 907 876 hic
939 829 1219 890 consulatus
1251 844 1331 876 me
1362 838 1564 895 rogante
1597 830 1739 879 datus
1771 838 1911 888 esset,

130 914 159 960 2
183 924 241 956 ea
279 924 354 956 res
394 909 564 967 fauste,
606 907 807 956 feliciter
845 924 1173 970 prospereque
1220 907 1445 956 eveniret.
1517 924 1644 970 quae
1689 924 1803 956 cum
1847 907 1916 956 ita

181 984 292 1045 sint,
317 985 518 1046 iudices,
544 995 592 1035 et
624 1003 738 1034 cum
770 986 929 1035 omnis
962 987 1168 1037 deorum
1200 985 1548 1035 immortalium
1579 995 1795 1049 potestas
1829 994 1915 1034 aut

181 1069 409 1116 translata
445 1067 505 1116 sit
545 1069 608 1116 ad
647 1084 735 1116 vos
775 1076 860 1116 aut
896 1076 1026 1116 certe
1066 1066 1427 1116 communicata
1469 1067 1738 1128 vobiscum,
1780 1066 1914 1115 idem

180 1147 433 1194 consulem
457 1155 642 1194 vestrae
666 1145 782 1202 fidei
805 1146 1134 1206 commendat,
1161 1146 1245 1208 qui
1278 1155 1422 1194 antea
1455 1145 1531 1194 dis
1562 1145 1914 1195 immortalibus

180 1227 556 1286 commendavit,
582 1236 636 1275 ut
661 1228 881 1276 eiusdem
910 1227 1122 1276 hominis
1149 1243 1271 1276 voce
1300 1236 1348 1275 et
1376 1228 1646 1294 declaratus
1670 1227 1843 1277 consul
1866 1235 1916 1275 et

181 1308 407 1363 defensus
430 1306 721 1361 beneficium
745 1307 915 1369 populi
938 1306 1155 1357 Romani
1178 1323 1292 1357 cum
1323 1314 1482 1355 vestra
1511 1314 1661 1368 atque
1692 1304 1911 1355 omnium

180 1386 358 1436 civium
382 1388 536 1435 salute
558 1395 761 1434 tueatur.

281 1477 329 1518 et
369 1468 602 1531 quoniam
642 1468 694 1516 in
730 1469 826 1517 hoc
850 1467 1025 1534 ‘officio
1072 1467 1289 1519 studium
1335 1484 1475 1520 meae
1515 1467 1811 1518 defensionis
1850 1469 1914 1518 ab

180 1549 540 1598 accusatoribus
564 1558 711 1610 atque
736 1547 882 1596 etiam
906 1548 1011 1610 ipsa
1035 1547 1279 1610 susceptio
1309 1564 1484 1596 causae
1514 1549 1804 1610 reprehensa
1826 1556 1911 1608 est,

235 1674 279 1713 ob
311 1673 584 1722 obtinendum]
617 1673 700 1713 ‘for
729 1673 798 1713 the
827 1686 1006 1726 purpose

182 1727 231 1766 of
259 1727 430 1780 making
464 1726 602 1779 good.’
647 1727 779 1768 Sorof.
842 1729 999 1766 salus:

182 1781 387 1832 acquittal.

235 1840 272 1873 et
291 1834 353 1883 ut]
376 1833 479 1873 refer
497 1834 648 1885 closely
661 1839 710 1874 rto
733 1834 835 1872 idem
860 1833 1002 1882 (neut),

182 1887 281 1926 then
317 1888 404 1926 it-
367 1906 403 1911 -
415 1894 558 1938 precor
592 1894 639 1926 ut
672 1901 717 1926 ea
753 1901 814 1927 res
832 1888 1010 1939 feliciter

181 1941 335 1980 eveniat
350 1946 387 1979 et
402 1946 450 1979 ut
454 1972 548 1980 ......
556 1941 696 1980 Halm.

235 1994 501 2043 comitiorum]
522 2007 666 2046 prayer
691 1992 770 2033 a‘t'
790 1993 997 2033 elections.

185 2047 374 2087 Genitive
404 2048 451 2087 of
481 2047 710 2099 possession
741 2060 787 2085 or
818 2047 1004 2085 relation.

184 2101 391 2153 Compare
415 2103 436 2149 ἓ
462 2113 506 2150 31
532 2101 719 2139 victoriae
742 2113 877 2139 eorum
897 2100 1006 2138 bello-

183 2168 291 2203 rum,
311 2157 332 2203 ἓ
350 2164 397 2205 73
413 2155 585 2216 officium
602 2154 903 2198 necesffudznis,
918 2154 938 2200 ἓ
954 2151 1006 2201 56

183 2209 270 2247 odio
295 2208 620 2255 inimicitiarum,
645 2210 665 2256 ἓ
694 2207 744 2258 63
773 2207 1006 2246 adiumenta

183 2261 394 2310 doctrinae,
419 2261 505 2300 also
532 2263 552 2309 ἓ
574 2260 626 2310 64
646 2274 700 2300 rei
697 2261 894 2311 '’publicae
914 2274 1005 2299 ‘ozn-

183 2316 282 2363 culo,
324 2317 346 2363 ἓ
385 2324 431 2365 71
463 2314 655 2365 fructum
691 2313 817 2364 ffcii,
851 2313 922 2352 div
963 2313 1006 2352 in

185 2368 323 2407 Caecil
351 2370 372 2416 ξ
414 2381 461 2417 14
489 2368 659 2418 officium
693 2366 1004 2415 necessitudinis,

122 2448 126 2451 -
183 2430 200 2460 1
219 2421 262 2459 in
287 2422 456 2460 Verrem
475 2423 496 2469 ἓ
519 2434 567 2469 54
595 2421 824 2459 oblivionem
845 2420 1004 2458 diutur-

183 2475 335 2513 nitatis.
398 2474 476 2514 See
507 2475 546 2512 N
552 2474 691 2525 agelsb
723 2473 842 2521 8ῖίΙὲ
867 2486 953 2522 100,
977 2485 1005 2525 p

186 2540 208 2568 2
241 2540 275 2577 5·

216 2537 515 2633 ⁷relzgi0nem]‘
505 2579 730 2631 ‘sanctityst
747 2579 877 2618 Halm
896 2592 1005 2618 com-

182 2646 299 2685 pares
326 2647 401 2685 pro
422 2634 532 2672 Rosc
554 2635 638 2672 Am
665 2635 686 2681 ξ
715 2631 777 2679 66,
809 2646 1005 2684 magnam

181 2688 265 2726 vim
298 2700 491 2738 magnam
524 2688 779 2725 necessitatem
812 2699 1004 2736 magnam

177 2740 345 2792 possidet
374 2740 600 2791 religionem
628 2745 824 2790 paternus
859 2745 1003 2778 mater-

182 2806 336 2845 nusque
348 2794 527 2844 sanguis.

235 2847 336 2885 idem
354 2860 420 2897 ego
426 2877 520 2885 ......
526 2846 541 2894 ]
565 2846 583 2884 z·
594 2859 614 2884 e
633 2858 678 2885 so
701 2845 893 2885 solemn
882 2858 916 2884 1s
935 2845 1004 2884 the

183 2911 338 2952 prayer,
363 2900 452 2940 that
473 2912 543 2951 my
566 2912 640 2939 use
662 2898 710 2938 of
731 2899 764 2939 it
791 2898 952 2951 implies
979 2911 1005 2938 a

1089 1685 1235 1725 prayer
1262 1672 1325 1711 for
1352 1672 1422 1711 the
1450 1671 1554 1711 weal
1581 1671 1630 1711 of
1650 1671 1768 1712 those
1791 1672 1913 1712 elect-

1091 1727 1156 1766 ed.
1217 1726 1378 1777 Zumpt.

1090 1778 1912 1883 Tramasmmmm:

1092 1886 1216 1924 sulem
1236 1845 1361 1935 rogat,
1386 1897 1576 1935 compare
1595 1885 1678 1923 Liv
1697 1895 1753 1923 111
1773 1883 1822 1936 65
1843 1885 1917 1936 qui

1079 1939 1229 1990 plebem
1245 1940 1475 1977 Romanam
1495 1938 1674 1976 tribunos
1682 1938 1791 1989 plebi
1802 1952 1914 1990 roga-

1091 1997 1152 2031 ret
1168 1992 1250 2031 and
1268 2001 1315 2030 VI
1331 2004 1382 2040 42
1403 1992 1483 2030 end
1502 1991 1549 2030 of
1561 1991 1685 2030 book.
1748 1992 1893 2031 Halm.

1145 2058 1178 2085 2.
1226 2050 1397 2096 potestas
1402 2075 1498 2083 ......
1503 2044 1519 2093 ]
1558 2044 1760 2083 Matthiae
1801 2058 1913 2084 com-

1090 2112 1208 2151 pares
1235 2111 1310 2150 pro
1340 2098 1510 2136 Rabirio
1537 2099 1558 2146 ξ
1580 2108 1601 2147 5
1629 2107 1709 2145 vos,
1735 2098 1911 2149 quirites,

1087 2165 1259 2203 quorum
1278 2156 1443 2198 potestas
1459 2151 1647 2202 proxime
1670 2151 1729 2190 ad
1749 2152 1913 2191 deorum

1087 2206 1378 2244 immortalium
1393 2217 1543 2244 numen
1562 2204 1716 2243 accedit.

1141 2259 1230 2310 qui]
1259 2272 1314 2297 on
1339 2257 1637 2297 consideration
1662 2257 1710 2296 of
1732 2257 1803 2296 the
1828 2267 1912 2297 MSS

1088 2312 1293 2362 authority
1313 2312 1420 2362 (lag
1431 2323 1456 2363 9
1467 2311 1587 2350 alone
1600 2310 1752 2361 having
1762 2312 1907 2361 quem),

1090 2366 1111 2404 I
1131 2379 1223 2404 now
1251 2365 1347 2403 read
1370 2365 1463 2403 thus
1482 2364 1563 2402 and
1582 2369 1723 2415 accept
1744 2362 1888 2403 Halm'
1889 2377 1909 2403 s

1088 2419 1286 2457 consulem
1323 2417 1453 2460 above
1480 2430 1525 2459 as
1551 2416 1623 2456 the
1649 2417 1739 2455 best
1776 2429 1912 2456 emen-

1089 2472 1230 2511 dation
1249 2471 1296 2509 of
1309 2471 1379 2510 the
1398 2476 1561 2521 corrupt
1579 2470 1721 2508 consul
1734 2470 1779 2509 ei.

1142 2523 1385 2576 beneficium]
1450 2523 1520 2562 the
1559 2523 1796 2562 distinction
1827 2522 1914 2575 just

1087 2578 1258 2629 granted
1293 2577 1392 2616 him.
1453 2576 1658 2628 Compare
1689 2578 1733 2624 ἓξ
1771 2588 1808 2626 3,
1841 2575 1906 2626 86,

1087 2644 1150 2684 90.
1196 2630 1338 2669 Halm.

1140 2684 1249 2732 cum]
1293 2684 1354 2722 ‘to
1382 2682 1452 2721 the
1483 2682 1760 2733 preservation
1797 2681 1888 2722 οΡ..

1089 2750 1279 2788 compare
1315 2749 1392 2788 pro
1430 2735 1556 2774 Plane
1583 2737 1605 2784 ἓ
1637 2748 1709 2775 102
1742 2735 1914 2787 Madvig

1087 2793 1108 2840 ἓ
1129 2800 1204 2840 257
1226 2790 1301 2828 ObS
1315 2799 1358 2850 ‚5-

1139 2850 1177 2882 et
1197 2842 1418 2894 quoniam..
1426 2847 1552 2880 a..nte
1562 2855 1726 2894 quam..
1732 2837 1911 2892 ..da-am]

1089 2897 1168 2938 See
1187 2895 1361 2947 Madvig
1377 2897 1399 2945 ἓ
1418 2893 1496 2946 476
1515 2895 1557 2935 b.

2046 2027 2054 2044 m
2050 1983 2054 1994 -
2044 1912 2054 1924 ι,
2039 1730 2054 1891 -..ομ-...ι-
2047 1693 2054 1706 .-
2038 1467 2054 1668 -ιμ-..ι-εῃωκ.
