2054 3120
133 77 383 128 XXXVII
413 71 494 141 79]
673 76 834 125 'PRO
877 76 924 124 L
969 75 1044 123 M
1049 74 1300 124 URENA
1775 87 1864 134 103

133 181 311 242 eduxit,
361 198 414 230 se
459 182 587 229 hanc
634 180 878 230 civitatem
921 197 1264 244 oppressurum
1311 179 1629 229 arbitraretur.
1723 179 1867 227 latius

133 271 265 327 patet
295 261 423 311 illius
457 261 652 311 sceleris
681 261 926 324 contagio,
961 278 1109 324 quam
1142 261 1400 324 quisquam
1425 271 1575 324 putat,
1613 260 1676 309 ad
1707 261 1868 323 plures

133 344 351 407 pertinet.
445 344 587 403 intus,
636 343 780 402 intus,
824 342 1041 404 inquam,
1093 351 1167 390 est
1213 358 1386 404 equus.
1415 341 1668 400 Troianus,
1706 356 1868 402 aquo

132 440 397 486 numquam
423 441 501 472 me
528 425 728 471 consule
753 422 1049 470 dormientes
1074 421 1427 484 opprimemini.
1503 421 1694 484 quaeris
1717 437 1747 468 a
1770 437 1864 480 me,
1891 425 1950 473 79

132 503 307 567 ecquid
345 522 435 568 ego
471 503 732 554 Catilinam
768 512 997 550 metuam.
1069 502 1203 561 nihil,
1243 511 1292 550 et
1329 501 1491 550 curavi
1528 519 1591 551 ne
1628 502 1870 564 quis'me-

133 592 301 642 tueret,
337 585 423 632 sed
457 584 623 646 copias
656 583 797 643 illius,
837 600 956 646 quas
989 583 1068 631 hic
1092 582 1252 640 video,
1279 581 1391 630 dico
1417 598 1524 629 esse
1550 581 1837 629 metuendas
1854 599 1868 642 3

133 679 224 711 nec
258 673 358 711 tam
397 664 642 712 timendus
685 673 757 711 est
792 680 923 711 nunc
959 662 1198 711 exercitus
1235 664 1276 710 L
1313 661 1553 711 Catilinae
1590 678 1738 725 quam
1773 661 1866 721 isti,

133 731 218 806 qui
251 734 388 791 illurn
425 744 689 791 exercitum
725 742 998 791 deseruisse
1034 742 1270 789 dicuntur.
1345 758 1446 790 non
1483 741 1612 789 enim
1649 741 1871 788 deserue-

133 833 258 884 runt,
285 825 372 873 sed
396 826 459 873 ab
484 823 568 873 illo
593 824 643 872 in
668 824 876 886 speculis
900 833 1048 886 atque
1072 822 1260 871 insidiis
1284 822 1438 871 relicti
1463 822 1696 890 incapite
1721 832 1868 885 atque

133 906 182 953 in
211 905 478 954 cervicibus
514 905 691 953 nostris
720 903 1008 952 restiterunt.
1082 903 1131 950 hi
1171 911 1219 951 et
1255 904 1496 965 integrum
1529 905 1783 951 consulem
1819 912 1868 951 et

134 988 319 1035 bonum
359 985 702 1048 imperatorem
750 994 797 1032 et
844 993 1015 1031 natura
1057 991 1105 1031 et
1151 984 1343 1031 fortuna
1379 1000 1491 1031 cum
1529 983 1597 1031 rei
1643 980 1870 1046 publicae

133 1068 285 1115 salute
321 1056 638 1114 coniunctum
688 1065 814 1113 deici
863 1065 925 1113 de
970 1064 1102 1112 urbis
1150 1063 1395 1135 praesidio
1442 1073 1490 1112 et
1537 1065 1600 1127 de
1647 1063 1870 1112 custodia

133 1147 338 1196 civitatis
372 1146 542 1195 vestris
579 1141 831 1194 sententiis
868 1143 1111 1193 deturbari
1146 1145 1327 1192 volunt.
1414 1161 1621 1206 quorum
1657 1160 1749 1206 ego
1783 1146 1871 1192 fer-

136 1245 238 1276 rum
263 1237 310 1276 et
333 1226 588 1275 audaciam
623 1225 768 1274 reieci
803 1226 854 1273 in
889 1241 1080 1288 campo,
1108 1224 1360 1280 debilitavi
1384 1225 1434 1273 in
1458 1227 1578 1285 foro,
1605 1225 1871 1288 compressi

131 1353 238 1399 opere
270 1348 409 1388 lzortor
438 1353 485 1387 ut
509 1361 633 1399 quam
658 1348 841 1399 primum
868 1358 960 1385 cum

130 1415 240 1441 omni
260 1403 368 1453 copia
387 1402 465 1440 lzuc
482 1402 630 1440 venias.

77 1453 82 1458 ’
126 1467 127 1470 ’
180 1456 411 1508 quisquam]
431 1469 497 1495 see
517 1469 570 1494 on
590 1457 611 1503 ἕ
630 1454 693 1494 60.

185 1510 308 1557 intus,
338 1510 465 1558 intus]
519 1522 710 1561 compare
730 1508 772 1547 in
793 1507 903 1547 Catil
924 1517 959 1546 11

177 1576 193 1602 1
206 1576 235 1602 I.

132 1564 153 1612 ἓ
191 1616 440 1666 dom'czentes]
469 1616 574 1667 Virg
602 1616 694 1655 Aen
725 1625 758 1653 11
792 1613 866 1664 265
897 1615 961 1653 in-

131 1671 291 1709 vadunt
309 1670 445 1709 urbem
469 1683 607 1709 somno
634 1671 805 1720 vinoque
834 1669 958 1720 sepul-

132 1729 224 1763 tam.

188 1786 236 1827 79
290 1777 371 1828 ego]
385 1777 527 1816 Cicero
539 1777 624 1815 had
639 1776 711 1816 left
727 1776 795 1815 the
812 1776 959 1827 charge

133 1830 180 1870 of
193 1831 260 1870 the
280 1844 363 1869 war
381 1838 424 1870 to
443 1831 505 1870 his
518 1831 726 1881 colleague
740 1830 958 1868 Antonius.

185 1898 284 1936 qzqas
309 1884 374 1923 hic
400 1885 524 1933 video]
545 1885 585 1922 in
608 1884 718 1922 Catil
738 1893 773 1922 11
793 1886 814 1932 ἓ
837 1897 857 1933 5
877 1885 958 1934 laos,

133 1951 227 1990 quos
243 1938 352 1976 video
368 1939 535 1976 volitare
551 1939 596 1976 in
604 1938 712 1988 foro,

192 2004 259 2029 nec
283 1997 367 2030 tam
376 2022 471 2031 ......
477 1992 493 2040 ]
514 1992 555 2029 in
579 1991 688 2030 Catil
712 2001 745 2029 11
775 1992 795 2038 ἓ
826 2000 846 2039 5
878 2004 959 2029 non

135 2050 219 2083 tam
245 2045 456 2084 exercitum
477 2046 598 2084 illum
617 2058 692 2083 esse
710 2045 818 2082 nobis
836 2058 959 2095 quam

79 2135 82 2137 μ
135 2098 215 2145 hos,
231 2098 311 2148 ‘qui
325 2099 538 2137 exercitum
557 2099 825 2146 deserum‘unt,
835 2098 961 2148 perti-

137 2164 228 2190 mes
225 2152 363 2190 ‘endos

188 2204 395 2254 dicuntur]
423 2204 437 2243 i
457 2218 480 2244 e
507 2205 539 2244 it
567 2205 600 2244 is
620 2204 773 2256 merely
792 2218 816 2243 a
843 2204 909 2252 lie,
938 2218 964 2243 a

137 2263 366 2310 stratagem,
398 2258 486 2298 that
514 2259 610 2310 they
644 2272 737 2309 may
770 2259 887 2297 catch
914 2271 962 2297 us

137 2311 330 2363 napping.
407 2312 558 2364 Zumpt
587 2312 688 2351 with
721 2322 780 2350 MS
819 2312 909 2363 Lag
937 2324 962 2364 9

139 2365 254 2404 reads
271 2366 470 2404 vedentur.

193 2419 417 2468 cervicibus]
454 2419 606 2471 Zumpt
631 2425 775 2471 quotes
801 2418 855 2457 ad
879 2418 964 2457 fam

140 2479 210 2509 XII
231 2483 278 2522 23
297 2472 317 2519 ἓ
337 2483 358 2510 2
377 2485 515 2524 easque
531 2473 721 2524 (legiones)
743 2486 789 2511 m
808 2473 964 2511 cervici-

142 2523 213 2562 bus
231 2526 374 2564 nostris
389 2526 584 2565 collocare.

195 2578 434 2628 restiterunt]
461 2579 564 2619 have
591 2579 768 2631 stopped
794 2579 964 2619 behind.

145 2630 346 2681 Compare
386 2631 463 2671 Liv
499 2642 668 2672 XXXVII
700 2646 745 2672 21
778 2639 826 2671 ut
851 2646 966 2671 nemo

80 2736 82 2738 v
139 2684 356 2736 pugnandi
368 2697 486 2724 causa
505 2686 696 2726 restiterzt.

198 2737 369 2786 natura]
429 2738 682 2788 ‘character,'

145 2789 282 2830 ment!
338 2791 541 2843 Compare
559 2795 581 2841 ἓ
600 2792 664 2843 64.

183 2843 379 2894 fortuna]
417 2845 780 2897 ‘circumstances‚’

145 2895 258 2937 tion!
295 2897 515 2951 Compare
535 2900 556 2949 δ
577 2901 640 2951 83.

746 2740 965 2792 ‘tempera-

831 2847 964 2899 ‘posi-

1080 1346 1210 1397 ¹deici]
1243 1349 1255 1368 ‘
1266 1347 1319 1387 be
1346 1346 1594 1400 dislodged‚'
1636 1362 1661 1387 a
1690 1349 1871 1399 military

1042 1405 1160 1440 term.
1212 1402 1355 1440 deicere
1373 1403 1625 1453 praesidium
1657 1404 1698 1452 (a
1723 1403 1868 1454 guard)

1043 1454 1077 1493 is
1097 1468 1287 1494 common
1306 1456 1349 1494 in
1373 1457 1536 1504 Caesar,
1569 1457 1663 1495 and
1679 1469 1871 1507 compare

1046 1508 1140 1546 Hor
1165 1509 1259 1560 Epp
1281 1519 1315 1547 11
1345 1522 1365 1548 2
1397 1521 1447 1560 30
1466 1510 1717 1560 praesidium
1746 1511 1874 1561 regale

1043 1563 1122 1600 loco
1149 1563 1290 1610 deiecit,
1312 1569 1360 1602 ut
1384 1564 1515 1608 aiunt,
1540 1577 1695 1602 summe
1713 1564 1870 1602 munito

1043 1620 1081 1654 et
1097 1617 1323 1655 multarum
1338 1617 1458 1656 divite
1475 1631 1627 1656 rerum.
1666 1617 1871 1669 Compare

1043 1669 1129 1708 also
1148 1671 1169 1717 ἓ
1190 1672 1254 1708 82.

1097 1724 1287 1772 custodia]
1308 1737 1499 1776 compare
1517 1726 1538 1773 ξ
1558 1722 1624 1772 64.

1099 1777 1227 1826 reieci]
1252 1778 1377 1817 ‘have
1396 1778 1604 1829 repelled.'
1667 1778 1873 1830 Compare

1044 1830 1097 1868 ad
1117 1830 1199 1868 fam
1217 1841 1250 1869 11
1273 1844 1320 1870 10
1336 1834 1355 1879 ξ
1370 1844 1391 1869 ‘z
1401 1832 1577 1883 filiciter
1588 1831 1637 1870 ab
1651 1833 1872 1871 Antiochea

1043 1884 1188 1922 lzostem
1208 1885 1398 1924 reiecerat.
1461 1887 1471 1905 ‘
1487 1886 1608 1925 Have
1619 1885 1762 1925 foiled'
1781 1899 1874 1937 pro-

1047 1937 1172 1988 bably
1199 1951 1336 1978 comes
1365 1945 1524 1978 nearest
1555 1946 1598 1978 to
1630 1940 1699 1979 the
1740 1951 1869 1979 sense.

1049 1991 1127 2030 See
1156 1991 1225 2030 the
1252 1993 1469 2044 metaphor
1496 1993 1600 2031 from
1639 1991 1873 2044 gladiators'

1046 2044 1210 2092 thrusts‚
1243 2045 1286 2084 in
1315 2046 1424 2085 Catil
1462 2056 1478 2085 I
1519 2049 1538 2095 ἓ
1580 2058 1626 2096 15
1664 2047 1766 2086 with
1806 2048 1876 2087 Μι-

1047 2097 1238 2138 Wilkins‘
1259 2105 1367 2139 note.

1100 2152 1146 2190 in
1165 2154 1318 2204 campo]
1337 2159 1527 2205 compare
1547 2156 1567 2202 ἓ
1587 2163 1651 2203 52.

1100 2206 1314 2256 debilitavi]
1327 2207 1396 2246 the
1411 2208 1523 2246 word
1536 2207 1726 2259 properly
1736 2221 1877 2248 means

1048 2263 1092 2298 to
1117 2260 1127 2277 ‘
1140 2259 1325 2311 cripple‚’
1351 2262 1360 2280 ‘
1375 2260 1530 2301 maim.’
1567 2261 1645 2301 See
1664 2264 1706 2310 ἓξ
1726 2275 1790 2313 43,
1808 2274 1875 2313 45,

1052 2314 1116 2360 80,
1142 2314 1205 2361 82,
1232 2314 1309 2352 Liv
1328 2323 1411 2353 ΧΧΙ
1431 2327 1495 2363 40.
1573 2315 1631 2354 So
1660 2316 1789 2355 Gaius
1820 2326 1875 2354 111

1055 2364 1131 2416 146
1150 2367 1298 2417 speaks
1317 2367 1363 2407 of
1371 2368 1593 2419 gladiators
1612 2368 1756 2408 after-a
1775 2368 1878 2420 fight

1051 2433 1095 2458 as
1121 2420 1313 2460 debilitati
1328 2423 1512 2473 opposed
1531 2429 1574 2461 to
1594 2423 1751 2473 integri,
1773 2423 1878 2474 Virg

1053 2474 1148 2512 Aen
1178 2483 1208 2512 V
1230 2486 1301 2524 271
1320 2475 1460 2514 ordine
1476 2475 1611 2514 debilis
1629 2490 1712 2515 uno
1733 2475 1794 2525 (of
1808 2477 1877 2516 the

1054 2527 1240 2566 disabled
1267 2528 1389 2580 Ship)‚
1417 2529 1527 2579 Mart
1546 2539 1633 2568 VIII
1653 2527 1677 2568 6
1703 2530 1774 2567 hoc
1791 2543 1878 2568 cra·

1052 2586 1131 2619 tere
1147 2581 1274 2631 ferox
1305 2582 1501 2622 commitit
1521 2583 1676 2634 proelia
1699 2584 1879 2622 Rhoecus

1052 2647 1144 2673 cum
1175 2635 1390 2686 Lapithis,
1386 2647 1395 2658 ⁴
1423 2642 1571 2687 pugna
1602 2636 1722 2676 debile
1746 2637 1879 2676 cernis

1053 2694 1151 2739 opus
1167 2687 1230 2736 (of
1239 2701 1262 2727 a
1279 2689 1430 2728 dented
1449 2687 1590 2742 bowl).

1105 2741 1151 2780 in
1166 2742 1280 2792 foro]
1310 2742 1444 2791 refers,
1469 2743 1489 2782 I
1510 2742 1643 2789 think,
1662 2743 1881 2796 especially

1051 2799 1094 2833 to
1109 2794 1179 2834 the
1194 2796 1343 2835 second
1355 2797 1504 2847 speech
1517 2797 1674 2848 against
1689 2797 1878 2837 Catiline.

1055 2848 1133 2887 See
1172 2848 1241 2888 the
1282 2861 1451 2900 menace
1482 2850 1526 2889 in
1561 2852 1582 2899 ἓ
1625 2848 1651 2889 6
1697 2850 1745 2890 of
1791 2851 1878 2891 that

1051 2901 1213 2955 speech.
