2054 3120
154 109 235 155 III
263 104 312 172 6]
707 105 855 154 PRO
899 105 945 152 L
989 103 1320 153 MURENA
1817 117 1877 163 33

151 231 250 277 quo
295 214 495 262 tandem
537 228 616 261 me
658 228 762 260 esse
802 213 968 261 animo
1009 220 1214 274 oportet,
1257 226 1410 273 prope
1457 208 1553 258 iam
1601 225 1659 257 ex
1704 223 1880 271 magna

151 293 407 343 iactatione
431 302 605 342 terram
628 293 891 362 videntem,
912 292 961 339 in
985 292 1131 351 hunc,
1152 291 1230 339 cui
1249 291 1391 340 video
1416 289 1650 337 maximas
1674 297 1884 350 tempes—

152 385 271 424 tates
303 374 369 423 rei
402 374 626 437 publicae
656 390 760 422 esse
788 374 1106 422 subeundas?
1174 388 1336 435 quare,
1364 371 1403 420 si
1422 381 1500 426 ‚est
1523 369 1642 420 boni
1666 368 1878 418 consulis

150 470 251 503 non
293 456 450 503 solum
487 453 650 502 videre
691 453 810 516 quid
846 462 1028 515 agatur,
1066 469 1235 501 verum
1279 452 1423 501 etiam
1464 451 1718 514 providere
1759 449 1879 511 quid

151 537 364 583 futurum
403 534 477 594 sit,
518 534 774 582 ostendam
811 534 906 582 alio
944 535 1068 593 loco,
1112 542 1350 596 quantum
1396 531 1671 581 communis
1713 531 1879 580 salutis

152 615 336 663 intersit
377 616 501 663 duos
539 616 763 663 consules
802 614 852 662 in
886 631 937 663 re
971 615 1168 677 publica
1209 613 1449 662 Kalendis
1487 612 1721 675 Ianuariis
1758 628 1875 660 esse.

105 683 109 689 .
153 696 286 757 quod
319 695 357 743 si
391 697 456 743 ita
487 704 572 754 est,
599 711 700 743 non
729 705 827 743 tam
856 711 936 743 me
965 695 1180 744 officium
1213 694 1382 744 debuit
1409 695 1474 744 ad
1498 693 1710 742 hominis
1733 693 1877 743 amici
1901 692 1927 738 5

151 779 366 826 fortunas
400 793 547 838 quam
585 793 659 825 res
699 777 894 839 publica
931 779 1182 825 consulem
1219 777 1283 825 ad
1321 792 1635 825 communem
1673 776 1877 824 salutem

153 856 511 905 defendendam
546 873 730 905 vocare.
803 872 876 905 111.
947 874 1062 905 nam
1098 857 1233 923 quod
1266 857 1424 918 legem
1459 857 1522 904 de
1556 855 1742 904 ambitu
1778 854 1881 914 tuli,

153 947 282 988 certe
306 939 372 986 ita
395 938 497 998 tuli,
524 947 727 998 utbeam,
755 955 902 1000 quam
938 937 1158 985 mihimet
1194 937 1284 999 ipsi
1319 936 1416 984 iam
1451 935 1639 1001 pridem
1675 936 1881 994 tuleram

153 1021 216 1068 de
263 1007 454 1067 civium.
486 1018 708 1081 periculis
745 1009 1078 1078 defendendis,
1114 1034 1216 1066 non
1256 1018 1551 1079 abrogarem.
1624 1015 1806 1064 etenim
1842 1016 1882 1064 si

153 1098 457 1160 largitionem
503 1099 678 1148 factam
725 1115 831 1147 esse
878 1099 1133 1146 confiterer
1178 1096 1327 1158 idque
1372 1105 1501 1144 recte
1547 1097 1728 1143 factum
1775 1111 1881 1144 esse

154 1179 484 1237 defenderem„
522 1162 733 1245 facerem·
767 1177 1003 1240 improbe,
1043 1176 1188 1225 etiam
1227 1175 1266 1224 si
1306 1175 1428 1223 alius
1468 1176 1627 1237 legem
1653 1173 1880 1233 tulisset:

154 1275 266 1306 cum
290 1276 402 1328 yero
426 1259 545 1306 nihil
577 1258 892 1307 commissum
924 1266 1092 1307 contra
1125 1258 1282 1318 legem
1319 1271 1423 1304 esse
1458 1255 1734 1315 defendam,
1761 1254 1881 1317 quid

155 1350 227 1389 est
274 1340 409 1402 quod
455 1357 614 1388 meam
662 1338 997 1387 defensionem
1043 1337 1159 1386 latio
1213 1337 1331 1399 legis
1383 1336 1656 1399 impediat?
1736 1345 1880 1399 negat
1903 1331 1930 1377 6

155 1437 259 1469 6556
295 1412 512 1469 eiusdem
550 1420 827 1479 severitatis,
868 1419 1130 1468 Catilinam
1166 1417 1362 1467 exitium
1397 1418 1465 1466 rei
1500 1417 1724 1480 publicae
1759 1418 1884 1466 intra

152 1500 343 1549 moenia
369 1500 650 1563 molientem
673 1501 829 1548 verbis
854 1510 902 1548 et
924 1516 1079 1563 paene
1102 1499 1305 1562 imperio
1341 1516 1399 1548 ex
1423 1501 1542 1547 urbe
1566 1499 1804 1562 expulisse
1837 1509 1886 1548 et

153 1598 286 1629 nunc
317 1598 405 1643 pro
439 1584 480 1628 L
506 1583 715 1629 Murena
738 1581 913 1630 dicere.
985 1597 1077 1643 ego
1106 1590 1270 1629 autem
1302 1581 1388 1628 has
1419 1588 1578 1642 partes
1602 1578 1812 1628 lenitatis
1837 1588 1885 1627 et

153 1661 523 1721 misericordiae,
551 1678 671 1724 quas
695 1679 775 1710 me
802 1671 973 1710 natura
1004 1661 1109 1724 ipsa
1139 1660 1321 1720 docuit,
1348 1676 1538 1722 semper
1561 1659 1637 1721 egi
1661 1658 1881 1717 libenter,

152 1741 283 1790 illam
306 1758 420 1791 vero
443 1741 686 1805 gravitatis
717 1741 1080 1804 severitatisque
1114 1757 1371 1803 personam
1406 1756 1508 1788 non
1542 1738 1769 1803 adpetivi,
1795 1740 1882 1787 sed

153 1864 186 1903 is
224 1863 376 1916 quoted
412 1864 467 1915 by
499 1863 658 1914 Quintil
693 1873 725 1902 V
767 1877 809 1903 11
851 1866 872 1913 ξ
911 1877 973 1914 23.
1055 1877 1175 1903 mean
1203 1861 1380 1902 to......’.
1438 1863 1522 1901 For
1557 1861 1628 1901 the
1657 1861 1812 1912 change
1841 1860 1887 1899 of

154 1918 322 1957 Tischer
359 1931 569 1969 compares
607 1918 668 1956 for
704 1919 898 1957 rationem
932 1920 975 1966 ἐξ
1055 1923 1169 1957 tense
1218 1917 1343 1957 Sorof
1389 1929 1599 1968 compares
1644 1928 1719 1966 pro
1767 1914 1883 1954 Sulla

157 1983 217 2022 35,
245 1970 305 2021 76,
330 1972 464 2010 where
492 1971 523 2010 it
543 1984 682 2010 occurs
702 1972 799 2010 with
820 1973 973 2010 comiti·
1056 1973 1075 2019 ἓ
1111 1973 1159 2020 58
1197 1971 1271 2022 qui
1307 1972 1365 2009 ita
1402 1971 1554 2009 Romae
1587 1970 1720 2008 debuit
1754 1973 1803 2006 ut
1836 1969 1880 2006 in

153 2039 268 2064 orum
288 2026 369 2064 and
387 2025 616 2076 qfficiorum.
647 2025 810 2065 It=the
824 2031 974 2076 system
1047 2025 1273 2076 provinciis
1302 2029 1339 2063 et
1372 2024 1419 2063 in
1455 2023 1590 2075 regnis·
1615 2022 1653 2062 ei
1679 2022 1883 2061 maximae

143 2077 365 2125 ‚0f...‘how
385 2079 415 2118 it
434 2079 468 2118 is
487 2076 606 2118 with’
626 2078 696 2118 the
714 2079 905 2117 weather.
1046 2079 1242 2129 pecunzae
1265 2078 1503 2117 deberentur.
1564 2077 1714 2127 Zumpt
1734 2076 1882 2127 adopts

206 2133 267 2171 rei
289 2132 488 2183 publicae]
538 2137 547 2153 ‘
564 2130 772 2185 political²
809 2139 967 2172 stoi-ms.
1054 2133 1178 2181 abrog
1155 2132 1297 2176 ‹rffarzm
1328 2131 1396 2171 the
1425 2130 1626 2183 plausible
1652 2129 1882 2181 conjecture

157 2185 299 2224 Halm.
1056 2185 1103 2225 of
1119 2186 1384 2236 Wesenberg.

198 2239 420 2290 providere]
458 2252 504 2278 so
540 2240 594 2278 de
632 2238 687 2278 fin
728 2248 744 2277 Ι
778 2242 799 2288 ἓ
828 2251 878 2290 47
908 2253 975 2278 nec
1109 2239 1368 2291 defenderem]
1402 2235 1651 2287 ‘maintainss
1680 2250 1723 2276 as
1752 2236 1874 2276 often.

155 2294 255 2344 quid
275 2299 509 2333 eventurum
537 2294 590 2332 sz't
604 2293 833 2345 provident,
856 2294 902 2332 ΙΙ
931 2295 974 2332 in
1059 2293 1300 2344 Compare§
1323 2305 1384 2342 34.

160 2346 259 2386 Verr
276 2349 345 2394 νς
367 2359 429 2384 22.
1110 2346 1388 2398 defhnszonem]
1416 2345 1572 2397 strictly
1605 2344 1815 2384 ‘defence’
1840 2343 1887 2383 of

158 2420 166 2426 -
208 2400 289 2439 alio
305 2400 400 2449 loco]
421 2402 466 2450 ἓξ
488 2411 536 2453 79
556 2401 642 2440 foll.
783 2446 787 2451 ι
1058 2400 1244 2439 Murena.

214 2465 250 2503 5.
305 2454 382 2503 me]
400 2467 442 2493 sc
462 2468 506 2494 as
525 2468 549 2493 a
563 2454 706 2501 friend,
726 2453 767 2492 in
783 2466 806 2492 a
819 2453 976 2505 private
1110 2452 1134 2492 6
1210 2453 1344 2505 negat]
1397 2451 1613 2492 oratorical
1666 2451 1881 2504 repetition

161 2507 357 2558 capacity.
424 2508 696 2560 ‘friendship’
1055 2507 1159 2547 from
1179 2509 1200 2556 ξ
1222 2520 1255 2558 3.
1318 2508 1481 2567 Zumpt.

212 2573 272 2599 res
305 2560 487 2613 publica]
531 2565 624 2614 ‘my
669 2563 873 2613 country's
918 2561 977 2599 in·
1112 2560 1291 2612 imperio]
1310 2561 1486 2600 exercise
1506 2559 1553 2598 of
1566 2558 1713 2598 official
1727 2571 1878 2628 power.

161 2618 313 2659 terests,
317 2614 327 2628 '
348 2618 358 2636 ⁶
371 2615 611 2666 patriotism.
615 2615 626 2632 '
1058 2615 1213 2655 Wendt
1234 2614 1397 2653 renders
1423 2610 1757 2664 ‘machtspruch'

213 2667 270 2705 iii.
325 2668 426 2717 eam]
445 2669 607 2720 legem:
616 2668 731 2708 habit
750 2681 891 2719 grown
915 2668 974 2707 in·
1110 2681 1175 2720 ego
1192 2667 1375 2716 autem]‘
1390 2667 1410 2706 I
1432 2667 1547 2718 reply
1566 2666 1692 2706 that'.

161 2726 204 2759 to
239 2733 264 2759 a
299 2721 396 2760 rule.
459 2723 661 2775 Compare
697 2725 719 2771 ἕ
745 2734 785 2760 11
819 2723 882 2761 lex
911 2735 975 2761 ac·
1101 2722 1255 2774 partes]
1283 2721 1499 2773 metaphor
1525 2720 1629 2759 from
1655 2719 1724 2759 the
1754 2724 1880 2770 stage.

158 2775 363 2814 cusator-ia.
404 2772 440 2801 Q*
508 2796 515 2800 -
1057 2788 1102 2815 so
1131 2775 1272 2823 docuzt,
1309 2777 1380 2826 egi,
1395 2781 1626 2826 personam,
1650 2773 1732 2812 and
1757 2773 1878 2824 tmpo-

209 2826 454 2879 abrogarem]
468 2805 638 2881 looking
644 2806 770 2877 back,
787 2842 831 2868 as
846 2828 974 2868 Halm
1057 2829 1176 2868 sitam
1195 2829 1385 2867 sustinm.
1449 2827 1650 2866 Matthiae
1670 2838 1882 2877 compares

159 2891 260 2931 says,
285 2886 327 2919 to
345 2881 414 2920 the
431 2882 530 2921 time
549 2882 596 2921 os
610 2885 774 2935 passing
792 2883 862 2922 the
880 2882 971 2922 law.
1055 2895 1131 2934 pro
1153 2882 1266 2923 Sulla
1285 2883 1305 2930 ξ
1326 2882 1365 2920 8.

164 2933 175 2952 ‘
189 2932 324 2972 When
362 2934 383 2974 1
426 2935 573 2987 passed
595 2966 692 2976 ......
716 2936 738 2975 Ι
785 2936 857 2975 did
901 2942 973 2976 not
994 2935 997 2938 ’

291 3014 398 3063 Cic.
426 3022 521 3077 pto
543 3016 586 3063 L
613 3017 748 3065 Mur.

1716 3029 1743 3074 Ο)
