2054 3120
173 109 233 154 92
735 95 883 144 ‘PRO
927 94 972 142 L
1016 94 1346 144 MURENA
1585 91 1810 159 [XXXII
1835 93 1897 140 66

171 206 385 264 quamne
408 199 653 251 existimas
690 203 881 252 Catone
915 218 1101 266 proavo
1136 211 1223 251 tuo
1258 201 1658 262 commodiorem,
1685 208 1900 250 commu-

170 280 373 340 niorem,
398 281 773 331 moderatiorem
797 283 945 332 fuisse
969 284 1032 331 ad
1057 299 1256 332 omnem
1278 282 1518 331 rationem
1551 282 1862 331 humanitatis
1877 284 1900 330 Ρ

170 363 233 412 de
269 362 404 411 cuius
438 363 702 425 praestanti
735 363 911 412 virtute
946 379 1060 411 cum
1094 380 1206 412 vere
1239 362 1544 426 graviterque
1579 363 1779 423 diceres,
1815 362 1899 411 do·

170 441 427 490 mesticum
451 450 499 490 te
521 443 700 490 habere
725 441 888 491 dixisti
911 444 1188 504 exemplum
1210 442 1274 490 ad
1297 441 1602 490 imitandum.
1672 451 1746 502 est
1778 441 1899 491 illud

156 519 370 581 ><quidem
405 522 684 582 exemplum
719 520 807 570 tibi
841 521 1146 584 propositum
1180 520 1331 582 domi,
1370 521 1455 570 sed
1490 530 1654 570 tamen
1697 531 1899 570 naturae

171 599 438 648 similitudo
473 599 600 648 illius
635 600 699 648 ad
734 609 782 648 te
817 601 985 663 magis,
1023 601 1107 663 qui
1140 603 1204 650 ab
1239 601 1323 650 illo
1359 611 1493 650 ortus
1528 618 1594 662 es,
1637 587 1789 664 quam
1834 603 1898 651 ad

171 696 324 727 unum
360 697 605 743 quemque
639 690 860 730 nostrum
895 681 1143 744 pervenire
1166 682 1339 745 potuit,
1375 683 1438 730 ad
1473 682 1761 730 imitandum
1784 698 1898 731 vero

170 768 272 807 tam
307 759 425 807 mihi
459 760 765 822 propositum
801 762 1046 823 exemplar
1079 760 1199 811 illud
1246 770 1319 810 est
1363 778 1511 824 quam
1557 761 1659 810 tibi.
1729 762 1814 810 sed
1860 760 1902 810 si

170 841 297 889 illius
333 842 613 890 comitatem
638 851 686 890 et
709 842 990 890 facilitatem
1014 851 1127 891 tuae
1141 843 1362 911 gravitati
1384 843 1723 905 severitatique
1746 827 1924 906 asper-³

171 921 300 980 seris,
326 938 428 970 non
452 922 544 970 ista
568 923 768 985 quidem
798 932 938 971 erunt
972 923 1187 983 meliora,
1226 940 1350 986 quae
1384 940 1518 973 nunc
1553 934 1666 973 sunt
1699 924 1899 987 optima,
1940 956 1946 962 -

171 1002 259 1050 sed
283 1011 411 1050 certe
436 1003 635 1051 condita
657 1003 927 1052 iucundius.

87 1090 149 1137 67
271 1098 435 1131 ΧΧΧΠ.
509 1100 655 1146 quare
690 1093 744 1133 ut
777 1085 841 1133 ad
875 1085 940 1145 id,
979 1087 1114 1148 quod
1149 1086 1346 1147 institui,
1384 1097 1605 1146 revertar,
1632 1088 1747 1135 tolle
1782 1085 1900 1134 mihi

170 1180 198 1211 e
234 1180 379 1220 causa
412 1180 593 1213 nomen
631 1164 844 1225 Catonis,
882 1182 1080 1214 remove
1104 1166 1458 1228 auctoritatem,
1485 1183 1610 1229 quae
1634 1166 1684 1214 in
1709 1165 1900 1215 iudiciis

170 1253 254 1293 aut
282 1244 402 1292 nihil
432 1246 591 1294 valere
620 1254 703 1293 aut
731 1246 794 1294 ad
824 1247 1031 1294 salutem
1069 1247 1218 1311 debet
1245 1249 1436 1298 valere:
1474 1247 1769 1309 congredere
1805 1263 1903 1296 rne-

606 1369 743 1408 ‘more
789 1367 996 1408 sociable.’

172 1422 376 1474 Compare
389 1423 583 1470 Laelius§
604 1421 669 1471 65.
727 1423 875 1474 Zumpt
894 1423 998 1461 from

173 1486 232 1514 MS
263 1476 353 1526 Lag
389 1488 413 1526 9
443 1477 659 1524 comiorem,
697 1488 886 1528 compare
923 1489 999 1528 pro

171 1529 303 1568 Balbo
324 1532 344 1577 ξ
367 1529 428 1578 36.

224 1582 510 1631 humanitatis]
537 1582 580 1621 in
613 1596 733 1634 every
758 1583 932 1622 relation
957 1582 1004 1622 of

173 1636 297 1675 social
333 1636 414 1675 life.
495 1637 585 1675 The
631 1637 746 1675 word
792 1650 998 1688 expresses

172 1690 290 1729 those
336 1689 455 1728 small
502 1691 720 1741 evely-day
757 1690 999 1730 allowances

171 1743 260 1782 that
296 1756 391 1782 men
429 1743 550 1782 make
586 1743 648 1782 for
694 1745 791 1782 one'
813 1744 996 1788 another,

171 1796 342 1835 without
354 1796 488 1835 which
508 1797 660 1848 society
672 1797 792 1836 could
807 1803 880 1836 not
899 1797 999 1836 hold

172 1850 367 1901 together.
436 1853 445 1871 ‘
463 1849 806 1896 Courteousness‚'
843 1851 1000 1901 though

173 1911 243 1942 too
262 1903 427 1942 definite
445 1903 554 1950 here,
573 1904 658 1942 will
683 1904 803 1943 stand
826 1903 889 1943 for
906 1904 938 1943 it
957 1905 1000 1942 in

174 1957 225 1995 de
244 1956 311 2007 leg
331 1959 421 2004 111§
445 1970 460 1995 1
485 1958 598 1994 cuius
627 1962 664 1996 et
692 1958 776 1995 vila
808 1962 847 1995 et
875 1958 1000 1995 oratio

173 2015 373 2049 consecuta
406 2010 510 2048 mz‘lzi
534 2010 691 2048 videtur
718 2011 999 2060 difficillimam

175 2064 291 2102 illam
320 2063 530 2102 societatem
553 2064 772 2114 gravitatis
800 2077 893 2102 cum
923 2064 998 2102 lzu-

176 2117 377 2156 monitate.
429 2156 431 2158 .

228 2169 467 2220 exemplum]
512 2182 557 2215 so
596 2170 709 2208 Isocr
746 2170 799 2208 ad
837 2170 1002 2209 Demon

176 2225 197 2272 ἕ
217 2236 241 2275 9
263 2222 306 2261 οὐ
328 2221 403 2270 μήν
422 2221 530 2261 ἀλλὰ.
558 2224 621 2261 καὶ
654 2222 721 2262 τοὶς
752 2224 822 2262 τοῦ
849 2222 1001 2273 πατρός

178 2278 421 2326 προαιρέσεις
460 2274 716 2323 ἀναμνησθεὶς
753 2278 892 2315 οἰκεῖον
936 2278 1002 2315 καὶ

177 2330 300 2369 καλὸν
326 2331 421 2378 ἕξεις
447 2330 702 2379 παράδειγμα
727 2331 805 2367 τῶν
824 2328 889 2368 ὑπ’
909 2331 1003 2377 ἐμοῦ

179 2397 242 2422 σοι
261 2383 492 2432 λεγομένων,
514 2383 596 2421 and
616 2383 683 2422 Mr
705 2382 874 2434 Sandys'
887 2390 994 2423 note.

231 2442 286 2476 est
318 2436 475 2488 quidem
482 2466 576 2475 ......
582 2437 649 2474 sed
676 2437 826 2486 tamen]
857 2437 1000 2477 Ciceto

178 2490 321 2541 begins
339 2489 440 2528 with
468 2489 538 2528 the
564 2489 765 2529 intention
793 2490 839 2529 of
861 2490 1004 2541 saying

185 2546 195 2563 ‘
212 2544 306 2593 You
323 2542 427 2582 have
445 2555 470 2581 a
487 2548 648 2593 pattern
674 2543 718 2582 in
743 2543 842 2592 him,
864 2544 939 2583 but
958 2556 1003 2582 so

180 2596 284 2635 have
304 2596 338 2644 I,
363 2608 408 2635 so
426 2595 500 2635 has
519 2609 599 2647 any
617 2596 733 2635 other
750 2594 872 2636 man.’
922 2597 1003 2636 But

180 2650 248 2689 sed
261 2654 393 2688 tamen
412 2655 524 2688 turns
543 2650 612 2688 the
630 2650 803 2701 thought
830 2650 917 2689 into
937 2653 946 2670 ‘
963 2650 1004 2689 It

181 2703 215 2742 is
246 2702 383 2742 rather
417 2702 595 2742 likeness
632 2702 679 2742 of
710 2708 1005 2755 temperament

180 2755 316 2795 which
346 2768 427 2807 you
455 2755 603 2795 inherit
633 2756 738 2795 from
767 2756 867 2804 him,
904 2756 1004 2795 than

180 2822 260 2860 any
278 2809 388 2860 prior
415 2809 535 2848 claim
563 2815 606 2848 to
634 2810 703 2848 the
731 2809 932 2848 imitation
962 2809 1009 2848 of

182 2862 244 2902 his
262 2860 362 2902 life.'
418 2862 516 2900 And
548 2875 592 2902 as
621 2863 754 2914 magis
783 2875 907 2914 quam
939 2875 1003 2901 ex-

181 2928 336 2968 presses
354 2915 423 2955 the
435 2916 690 2968 comparison
701 2916 885 2956 between
902 2915 1006 2956 Cato

223 1368 550 1417 communiorem]

1058 2415 1068 2420 ,
1081 2397 1201 2423 name
1232 2382 1367 2423 Cato.’

1078 1370 1158 1408 and
1179 1370 1295 1409 other
1313 1383 1408 1409 men
1426 1369 1470 1409 in
1488 1370 1557 1409 the
1585 1369 1734 1409 former
1750 1374 1843 1422 part
1861 1368 1908 1409 of

1078 1424 1147 1462 the
1175 1431 1375 1471 sentence,
1403 1437 1493 1462 vero
1521 1424 1554 1463 is
1581 1423 1681 1463 used
1708 1429 1752 1462 to
1779 1423 1902 1462 intro-

1079 1478 1180 1516 duce
1200 1478 1268 1516 the
1287 1483 1464 1516 contrast
1486 1477 1529 1516 in
1558 1477 1627 1516 the
1654 1477 1783 1516 latter.
1846 1476 1903 1517 So

1078 1531 1121 1569 in
1140 1533 1160 1579 ἓ
1181 1529 1231 1581 67
1251 1531 1447 1570 ambitum
1465 1543 1554 1569 vero
1571 1530 1703 1581 ipsum
1722 1537 1795 1570 etc.

1133 1591 1306 1623 naturae
1346 1584 1581 1632 similitudo]
1596 1602 1633 1617 =
1648 1596 1727 1622 one
1771 1583 1897 1623 word„

1084 1638 1095 1657 ‘
1111 1637 1308 1677 Likeness
1327 1637 1374 1676 of
1387 1635 1623 1676 character.’
1677 1637 1797 1676 illius.
1859 1642 1903 1675 to

1078 1691 1176 1738 him,
1189 1691 1203 1729 i
1216 1704 1238 1730 e
1251 1690 1315 1730 his
1327 1691 1542 1730 character.
1570 1690 1771 1741 Compare
1782 1690 1904 1728 huius

1070 1745 1246 1795 periculi
1264 1744 1526 1795 propulsatio,
1541 1743 1690 1782 :from
1707 1743 1807 1789 him,
1828 1756 1904 1795 pro

1084 1798 1174 1837 Sull
1193 1800 1211 1845 ξ
1233 1809 1266 1837 2.

1132 1850 1355 1901 asperseris]
1369 1849 1583 1901 metaphor
1592 1849 1697 1889 from
1712 1849 1901 1900 cookery.

1082 1904 1285 1955 Compare
1321 1911 1457 1942 orator
1493 1905 1514 1951 ἓ
1553 1905 1602 1952 87
1640 1904 1734 1942 huic
1769 1904 1906 1954 generi

1080 1958 1271 1996 orationis
1288 1963 1546 2008 aspergentur
1561 1957 1679 1995 etiam
1697 1957 1805 2003 sales,
1830 1969 1906 2007 pro

1082 2011 1231 2053 Cluent
1260 2012 1281 2059 ἓ
1311 2022 1356 2060 71
1402 2011 1568 2049 Guttam
1603 2008 1776 2061 aspergit
1811 2010 1906 2048 lzuic

1081 2065 1221 2103 Bulbo.
1749 2099 1753 2105 .

1134 2117 1227 2166 ista]
1263 2130 1366 2168 your
1392 2116 1673 2168 peculiarities.
1734 2116 1902 2168 quidem.

1083 2171 1255 2222 Madvig
1273 2171 1293 2217 ξ
1311 2171 1389 2222 489
1408 2171 1448 2209 b.

1134 2224 1307 2272 condita]
1336 2237 1381 2263 so
1409 2224 1514 2263 Cato
1532 2223 1662 2262 maior
1679 2223 1699 2270 ἓ
1721 2236 1770 2263 10
1788 2223 1904 2261 comi-

1081 2282 1161 2316 tate
1176 2278 1335 2316 condita
1347 2277 1542 2329 gravitas.
1609 2279 1620 2296 ‘
1637 2275 1874 2315 Seasoned.’

1135 2331 1246 2370 xxxii
1289 2328 1340 2380 67
1395 2343 1538 2369 nomen
1589 2329 1766 2379 Catonis]
1813 2329 1905 2368 ‘the

1438 2383 1641 2434 Compare
1676 2384 1698 2431 ἓ
1737 2396 1758 2422 2
1765 2393 1786 2430 3
1824 2383 1908 2421 and

1082 2438 1281 2530 Phil6VI11
1301 2439 1322 2486 ξ
1344 2448 1366 2476 2
1392 2436 1482 2476 belli
1513 2449 1666 2475 nomen.
1735 2436 1907 2487 Madvig

1080 2492 1100 2539 ξ
1121 2492 1170 2530 28
1199 2521 1208 2530 .

1133 2543 1255 2593 milti]
1270 2543 1342 2583 dat
1359 2542 1527 2591 ethicus,
1552 2555 1744 2594 compare
1765 2544 1810 2591 ἐξ
1838 2554 1899 2592 13,

1085 2610 1131 2637 21
1172 2603 1246 2636 etc.

1134 2627 1379 2701 Zongredere]
1408 2649 1455 2688 of
1476 2648 1662 2702 fighting.
1719 2649 1841 2688 Have
1872 2648 1906 2688 it

1084 2709 1156 2743 out
1176 2703 1276 2743 with
1302 2703 1416 2755 plain
1434 2703 1613 2754 charges,
1637 2704 1651 2742 i
1676 2715 1699 2742 e
1718 2702 1818 2742 with
1836 2701 1907 2741 the

1085 2756 1238 2796 several
1273 2762 1416 2796 counts
1461 2756 1509 2795 of
1547 2757 1618 2796 the
1659 2753 1905 2795 accusation.

1085 2811 1168 2849 For
1184 2810 1360 2849 crimina
1379 2822 1569 2861 compare
1598 2809 1669 2848 div
1695 2809 1738 2848 in
1766 2807 1915 2848 Caecil'

1084 2864 1104 2911 ἓ
1152 2864 1200 2914 38
1245 2863 1485 2902 criminibus
1527 2868 1564 2902 et
1605 2863 1782 2902 oratione
1825 2861 1906 2900 dis·

1082 2916 1272 2970 tinguere.
