2054 3120
151 93 277 140 X1v
302 89 386 158 31]
703 91 851 140 PRO
899 92 942 139 ι
987 90 1315 146 MURENA
1824 102 1885 150 59

149 197 441 262 spernitur
476 205 682 258 orator,
719 213 821 246 non
851 199 1010 246 solum
1047 197 1249 247 odiosus
1281 197 1332 245 in
1362 196 1574 246 dicendo
1606 213 1664 245 ac
1688 197 1884 259 loquax,

148 293 316 326 verum
363 277 510 326 etiam
563 279 749 327 bonus
778 298 787 327 :
848 277 1112 327 horridus
1166 278 1331 327 miles
1386 287 1614 338 amatur,
1669 287 1883 326 vestrum

148 373 262 406 vero
298 357 515 406 studium
555 367 716 407 totum
752 357 890 407 iacet.
978 374 1092 406 non
1134 374 1202 406 ex
1239 357 1625 406 iure³manum
1664 372 1887 405 conser-

149 442 281 494 tum,
321 435 422 483 sed
462 436 627 495 ferro,
667 435 840 498 inquit,
883 452 998 483 rem
1044 436 1330 497 repetunt.
1427 434 1562 496 quod
1604 433 1644 482 si
1691 433 1758 481 ita
1795 444 1882 492 est,

147 514 304 574 cedat,
360 514 548 576 opinor,
597 515 795 578 Sulpici,
843 517 1002 563 forum
1050 515 1230 577 castris,
1281 515 1438 586 otium
1484 515 1698 573 militiae,
1747 514 1885 563 stilus

146 593 322 656 gladio,
349 596 521 643 umbra
544 595 664 644 soli:
700 595 761 644 sit
790 595 1003 658 denique
1041 595 1092 643 in
1120 595 1313 649 civitate
1349 612 1407 648 ea
1441 595 1597 658 prima
1627 612 1716 654 ars,
1742 611 1885 658 prop-

147 684 219 723 ter
241 690 389 737 quam
413 675 514 738 ipsa
541 684 614 724 est
637 675 804 724 civitas
829 676 1051 724 omnium
1074 676 1313 740 princeps.

244 772 414 803 verum
454 757 576 804 haec
605 758 731 805 Cato
766 757 973 804 nimium
994 757 1099 806 >nos
1133 757 1311 806 nostris
1343 756 1502 805 verbis
1526 758 1884 819 magna-facere
1907 759 1966 808 31

147 835 448 885 demonstrat
489 846 538 886 et
575 837 755 886 oblitos
806 854 912 886 esse
954 839 1139 886 bellum
1168 837 1288 887 illud
1321 854 1467 886 omne
1495 831 1885 886 Mithridaticum

147 931 260 962 cum
284 916 579 966 mulierculis
611 934 716 966 esse
745 928 948 980 gestum.
1035 918 1170 981 quod
1194 933 1286 980 ego
1310 919 1619 980 longesecus
1644 916 1882 976 existimo,

146 997 346 1065 iudices,
379 999 538 1060 deque
575 1015 634 1047 eo
664 1015 822 1062 pauca
856 999 1125 1059 disseram,
1170 1015 1331 1062 neque
1365 998 1496 1047 enim
1529 1014 1676 1046 causa
1707 997 1758 1045 in
1787 998 1884 1046 hoc

145 1065 435 1126 continetur.
526 1095 641 1126 nam
665 1078 706 1127 si
730 1079 895 1127 omnia
918 1081 1061 1139 bella,
1089 1095 1214 1142 quae
1247 1096 1361 1127 cum
1395 1079 1593 1128 Graecis
1627 1078 1880 1140 gessimus,

146 1158 507 1208 contemnenda
546 1168 673 1220 sunt,
717 1159 993 1208 derideatur
1029 1161 1091 1208 de
1122 1176 1233 1223 rege
1272 1161 1456 1223 Pyrrho
1495 1159 1769 1223 triumphus
1812 1161 1882 1207 Μ’

147 1240 296 1301 Curii,
340 1240 402 1288 de
435 1240 661 1303 Philippo
698 1243 742 1288 T
768 1240 1044 1301 Flaminini,
1071 1241 1133 1289 de
1157 1240 1346 1288 Aetolis
1384 1242 1440 1288 M
1472 1240 1644 1299 Fulvii,
1678 1241 1740 1288 de
1770 1255 1882 1301 rege

146 1324 292 1375 Perse,
315 1323 358 1368 L
379 1321 536 1383 Pauli,
574 1322 635 1369 de
674 1321 1093 1384 Pseudophilippo
1132 1322 1181 1382 Q
1217 1320 1425 1381 Metelli,
1459 1321 1521 1369 de
1547 1318 1883 1382 CorinthiisL

1107 1426 1242 1466 These
1269 1426 1371 1465 lines
1405 1425 1510 1465 from
1547 1426 1705 1465 Ennius
1743 1425 1883 1464 Annal

1051 1490 1122 1518 VII
1152 1494 1220 1520 are
1257 1480 1410 1532 quoted
1446 1480 1489 1518 in
1521 1479 1597 1518 full
1632 1480 1687 1530 by
1725 1479 1883 1519 Gellius

144 1427 258 1466 word
301 1425 516 1467 ‘wisdom’
555 1440 692 1466 comes
727 1440 869 1466 nearer
900 1427 970 1466 the

145 1488 233 1520 true
259 1493 376 1520 sense
408 1481 516 1520 here.
596 1481 637 1520 It
669 1482 703 1519 is
733 1481 842 1520 often
869 1482 969 1520 used

143 1534 206 1574 for
227 1532 524 1586 ‘philosophy.'
568 1534 647 1574 See
666 1535 752 1573 Tac
774 1535 863 1586 Agr
877 1548 912 1580 2,
929 1549 966 1583 4.

196 1601 258 1627 res
275 1588 455 1639 publica]
484 1588 553 1627 the
581 1588 701 1627 la'tter
725 1590 839 1627 word
865 1589 899 1627 is
926 1588 970 1628 in

143 1641 198 1680 all
217 1642 287 1680 the
307 1651 388 1680 MSS
410 1654 504 1680 save
523 1655 601 1681 one
613 1656 624 1689 3
651 1643 796 1681 Cicero
816 1642 969 1681 throws

142 1695 174 1734 it
207 1695 263 1740 in,
290 1694 375 1746 just
407 1708 451 1734 as
480 1709 562 1734 non
591 1697 718 1734 solum
726 1726 821 1734 ......
827 1709 967 1734 verum

140 1748 271 1795 etiam,
291 1747 336 1788 td
352 1749 446 1800 give
464 1749 527 1787 his
547 1762 640 1788 own
658 1755 751 1788 turn
770 1749 817 1788 of
830 1762 968 1789 mean-

141 1804 212 1854 ing
229 1809 273 1841 to
291 1802 361 1841 the
380 1802 603 1854 quotation.

192 1855 360 1905 odiosus]
386 1858 396 1876 ‘
410 1854 624 1895 tireso‘me.²
668 1856 873 1908 Compare
897 1857 967 1895 div

140 1909 184 1948 in
221 1910 362 1949 Caecil
387 1912 425 1958 ξ
464 1909 514 1959 36
553 1910 685 1949 omnis
726 1911 967 1961 adrogantia

139 1963 269 2002 odiosa
305 1969 370 2011 est,
415 1964 527 2002 Mart
564 1973 651 2002 VIII
688 1963 714 2003 6
745 1965 967 2015 archetypis

139 2017 263 2056 vetuli
285 2017 394 2056 m'lzz‘l
414 2023 469 2056 est
487 2017 657 2056 odiosius
680 2019 817 2067 Eucti,
844 2019 965 2057 Plaut

140 2070 213 2109 mil
231 2070 322 2122 glor
341 2069 444 2122 652,⁷
460 2081 548 2122 742.

192 2124 332 2174 bonus]
362 2124 506 2164 Cicero
525 2137 656 2164 seems
676 2130 719 2164 to
741 2125 865 2165 make
885 2125 964 2165 this

139 2189 260 2217 mean
302 2181 312 2198 ‘
333 2177 753 2229 good'=suecessful.
827 2180 909 2218 But
942 2180 963 2218 I

139 2231 259 2305 fancy
304 2230 335 2270 it
386 2245 469 2271 was
514 2238 652 2271 meant
703 2233 760 2284 by
806 2232 965 2272 Ennius

139 2297 185 2324 as
230 2284 324 2324 ‘the
369 2284 515 2325 honest
560 2286 755 2337 pleader‚'
813 2299 871 2335 or,
920 2289 963 2325 in

141 2338 292 2378 Scotch
319 2338 478 2390 phrase,
505 2339 598 2379 ‘the
618 2339 796 2391 pleader,
817 2340 965 2380 honest

138 2404 247 2440 man,
254 2390 445 2444 ’merely
462 2406 487 2432 a
504 2393 670 2454 general
695 2400 799 2433 term
824 2394 870 2432 of
893 2407 964 2446 ap-

139 2445 293 2498 proval,
316 2446 359 2484 in
377 2447 612 2498 opposition
631 2453 673 2486 to
693 2447 894 2487 horridus.

191 2499 331 2549 ver-OJ‘
340 2513 385 2539 as
403 2500 467 2539 for
494 2513 596 2552 your
614 2500 853 2552 profession,
879 2501 910 2540 it
930 2501 964 2540 is

140 2552 287 2604 utterly
324 2554 593 2605 prostrated;’
625 2554 732 2601 iacet,
771 2568 965 2606 compare

134 2607 190 2657 .§§
215 2615 274 2656 17,
295 2618 359 2654 45-

193 2672 241 2698 ex
290 2659 394 2710 iure]
431 2672 499 2701 see
536 2674 591 2700 on
622 2663 643 2710 ξ
679 2661 759 2710 263
797 2661 895 2702 here
932 2662 964 2701 it

139 2712 174 2750 is
192 2714 374 2764 opposed
393 2719 435 2753 to
441 2715 572 2766 ferro
586 2728 756 2755 manum
769 2729 985 2755 conserere

139 2765 263 2818 being
280 2767 407 2806 used
397 2780 440 2806 m
460 2781 486 2807 a
510 2769 662 2808 double
689 2782 805 2809 sense
832 2769 880 2808 of
904 2770 962 2819 (a)

139 2818 248 2871 legal
266 2819 457 2873 claiming
474 2821 521 2862 of
532 2828 737 2884 property,
764 2823 816 2872 (b)
843 2823 963 2874 fight-

139 2873 224 2922 ing.
269 2879 502 2924 consertum,
526 2875 596 2915 the
624 2876 780 2928 supine,
813 2876 827 2915 i
847 2889 870 2916 e
898 2890 963 2916 vo·

139 2930 236 2966 cant
251 2938 298 2966 or
312 2931 422 2967 eunt.

263 3091 297 3120 *b

1052 1544 1117 1572 ΧΧ
1143 1546 1190 1573 10
1208 1536 1229 1582 ξ
1250 1548 1286 1582 4.
1349 1534 1428 1574 See
1448 1533 1673 1585 Appendix
1694 1533 1741 1571 E.

1093 1588 1240 1639 fhrum
1259 1587 1416 1636 castris]
1445 1587 1534 1626 Not
1552 1600 1598 1626 so
1616 1587 1659 1625 in
1677 1587 1742 1626 his
1759 1599 1884 1639 poem

1052 1642 1098 1680 de
1122 1642 1206 1679 suis
1233 1642 1480 1692 temporibus,
1513 1641 1644 1692 fragm
1682 1650 1712 1689 1,
1746 1641 1886 1680 cedant

1052 1708 1173 1734 arma
1191 1701 1310 1746 togae.

1105 1749 1252 1788 umbra
1290 1748 1381 1798 soli]
1420 1748 1478 1788 ie
1507 1761 1533 1787 a
1567 1748 1784 1800 sedentary
1811 1747 1882 1788 life

1052 1807 1096 1842 to
1141 1815 1195 1841 an
1240 1803 1371 1841 active
1405 1815 1493 1842 one.
1587 1802 1639 1841 In
1679 1803 1788 1854 Italy
1838 1809 1882 1842 to

1053 1857 1150 1895 bear
1168 1857 1264 1895 heat
1289 1869 1374 1895 was
1403 1856 1451 1895 of
1475 1868 1615 1895 course
1638 1856 1707 1895 the
1732 1861 1810 1895 test
1839 1856 1887 1895 of

1051 1910 1295 1950 hardihood.
1354 1910 1433 1949 See
1453 1910 1547 1948 Hor
1573 1923 1684 1949 carm
1705 1919 1720 1948 1
1742 1912 1779 1958 8,
1801 1911 1882 1962 Juv

1052 1974 1119 2003 VII
1155 1974 1242 2013 105,
1274 1963 1356 2002 and
1385 1976 1576 2016 compare
1605 1964 1674 2003 the
1704 1970 1882 2003 contrast

1051 2018 1098 2056 of
1130 2016 1226 2068 αἷνήρ
1259 2018 1470 2065 ἡλιωμένος
1507 2017 1587 2056 and
1622 2016 1882 2067 α’νήρ·ἐσκια-

1050 2070 1255 2122 τροφηκώς
1271 2073 1314 2109 in
1334 2071 1454 2110 Plato
1474 2072 1566 2122 Rep
1588 2071 1664 2120 556
1684 2072 1723 2111 d.

1106 2138 1152 2177 31
1212 2125 1476 2174 mulierculis]
1508 2128 1518 2146 ‘
1535 2125 1655 2164 weak
1693 2126 1881 2174 women‚’

1051 2180 1236 2231 opposed
1249 2185 1291 2218 to
1302 2179 1390 2218 viri
1399 2179 1442 2217 in
1458 2179 1558 2218 Lael
1571 2181 1591 2227 ξ
1604 2178 1667 2229 46.
1698 2180 1880 2220 Tischer.

1104 2247 1227 2285 neque
1242 2233 1367 2282 enim]
1387 2232 1510 2272 refers
1529 2239 1572 2272 to
1582 2239 1727 2284 pauca.

1103 2287 1283 2339 Pyrrho]
1302 2286 1430 2326 battle
1450 2286 1498 2326 of
1512 2287 1792 2326 Beneventum
1819 2296 1882 2326 BC

1051 2349 1127 2390 275
1157 2353 1204 2380 or
1233 2339 1323 2390 276,
1355 2340 1536 2392 triumph
1560 2341 1604 2379 in
1630 2353 1743 2380 same
1771 2354 1880 2392 year.

1051 2394 1298 2442 Mommsen,
1322 2394 1380 2432 bk
1400 2404 1435 2432 ΙΙ
1455 2407 1477 2433 c
1499 2405 1535 2444 7.
1678 2396 1689 2411 ‘

1103 2448 1318 2500 Philippo]
1331 2447 1681 2500 Kynoskephalae
1706 2456 1792 2501 197,
1812 2449 1880 2488 tri·

1050 2502 1179 2552 umph
1203 2513 1290 2554 194.
1349 2502 1583 2540 Mommsen
1602 2502 1661 2541 bk
1680 2513 1734 2540 111
1754 2515 1776 2542 c
1797 2503 1831 2542 8.

1103 2555 1269 2604 Aetolis]
1282 2555 1368 2606 189,
1382 2555 1563 2607 triumph
1576 2553 1660 2604 187.
1701 2557 1880 2595 Momm

1050 2621 1123 2648 sen
1141 2609 1200 2648 bk
1221 2618 1274 2647 111
1294 2622 1316 2648 c
1335 2622 1374 2662 9.

1106 2662 1238 2711 Perse]
1278 2662 1422 2714 Pydna
1462 2660 1550 2710 168,
1577 2662 1758 2727 triumph
1793 2661 1867 2712 167

1052 2715 1287 2756 Mommsen
1306 2716 1364 2755 bk
1385 2725 1440 2758 111
1460 2729 1482 2756 c
1507 2727 1569 2756 10.

1105 2770 1450 2821 Pseudophilippo]
1476 2771 1562 2827 148,
1582 2769 1764 2822 triumph
1790 2768 1878 2819 146.

1052 2823 1300 2871 Mommsen,
1323 2823 1382 2862 bk
1402 2833 1451 2862 1v
1472 2836 1494 2862 c
1516 2834 1548 2863 1.

1110 2877 1350 2924 Corinthiis]
1412 2875 1498 2925 146,
1554 2876 1736 2929 triumph
1774 2887 1878 2927 ·.145

1052 2930 1285 2970 Mommsen
1305 2929 1362 2969 bk
1385 2939 1429 2969 lv
1451 2943 1473 2970 c
1498 2943 1527 2969 1.
