2054 3120
94 136 295 187 XXVII
323 130 405 199 56]
653 130 804 180 PRO
847 130 893 178 L
937 130 1267 179 MURENA
1773 131 1831 177 3Ι

191 256 354 292 xxvn.
427 240 514 289 sed
538 255 708 302 pauca,
737 253 862 300 quae
885 253 1051 286 meum
1085 237 1304 294 animum
1338 245 1536 300 repente
1562 246 1832 296 moverunt,
1860 242 1920 291 55

93 316 224 389 prius
271 324 333 371 de
381 323 424 369 L
471 322 710 368 Murenae
756 319 952 366 fortuna
998 307 1280 381 conquerar.
1367 334 1482 365 nam
1530 334 1642 365 cum
1689 334 1836 380 saepe

96 413 253 462 antea,
279 400 481 459 iudices,
508 408 557 447 et
591 414 653 447 ex
686 397 892 446 aliorum
928 397 1133 446 miseriis
1169 406 1217 446 et
1253 414 1313 446 ex
1347 397 1469 446 meis
1506 395 1631 445 curis
1666 397 1839 445 labori-

95 485 284 545 busque
310 479 568 529 cotidianis
593 481 864 546 fortunatos
889 493 974 526 eos
999 476 1223 526 homines
1248 476 1528 534 iudicarem,
1556 475 1640 538 qui
1663 477 1839 526 remoti

95 579 126 611 a
160 561 331 611 studiis
364 558 645 608 ambitionis
681 558 835 607 otium
868 574 927 606 ac
962 556 1357 620 tranquillitatem
1381 557 1509 606 vitae
1534 557 1685 606 secuti
1709 566 1835 617 sunt,

96 652 200 690 tum
223 658 338 691 vero
368 641 419 688 in
451 640 526 688 his
552 642 593 687 L
619 641 858 687 'Murenae
895 638 1040 687 tantis
1076 648 1276 701 tamque
1312 638 1587 701 improvisis
1611 638 1838 702 periculis

96 722 164 771 ita
197 739 304 771 sum
329 721 494 769 animo
519 722 751 777 adfectuS‚
779 729 832 767 ut
856 735 957 767 non
983 736 1160 781 queam
1193 719 1307 769 satis
1332 737 1491 782 neque
1524 737 1836 791 communem

98 802 319 850 omnium
348 810 568 850 nostrum
601 799 945 848 condicionem
970 817 1131 863 neque
1155 801 1298 849 huius
1323 811 1552 850 eventum
1576 803 1838 850 fortunam-

97 898 192 946 que
217 881 461 929 miserari:
498 880 581 943 qui
615 879 838 942 primum,
876 881 995 928 dum
1033 897 1090 928 ex
1123 880 1392 930 honoribus
1427 881 1672 930 continuis
1704 881 1838 929 fami-

97 968 191 1017 liae
228 965 563 1026 maiorumque
600 980 797 1012 suorum
844 979 995 1010 unum
1043 963 1305 1011 ascendere
1350 963 1553 1025 gradum
1589 961 1838 1025 dignitatis

99 1056 305 1097 conatus
331 1055 416 1103 est,
446 1044 581 1092 venit
605 1044 656 1092 in
679 1043 964 1106 periculum,
990 1059 1053 1091 ne
1078 1052 1126 1092 et
1150 1059 1222 1102 ea,
1250 1059 1375 1106 quae
1399 1042 1579 1102 relicta,
1617 1052 1665 1091 et
1699 1043 1837 1101 haec,

101 1143 226 1190 quae
250 1129 312 1175 ab
337 1126 444 1187 ipso
476 1133 614 1189 parta
637 1132 763 1182 sunt,
789 1123 993 1183 amittat,
1020 1122 1199 1171 deinde
1223 1132 1421 1186 propter
1444 1122 1658 1187 studium
1682 1139 1842 1172 novae

99 1207 257 1265 laudis
299 1207 447 1255 etiam
494 1206 545 1253 in
579 1203 754 1253 veteris
800 1205 1022 1252 fortunae
1069 1203 1330 1252 discrimen
1375 1203 1645 1253 adducitur.
1717 1221 1842 1267 quae
1868 1209 1926 1256 56

103 1305 217 1336 cum
260 1297 376 1336 vsunt
421 1286 596 1350 gravia,
642 1284 842 1344 iudices,
890 1293 993 1332 turn
1027 1284 1148 1333 illud
1184 1284 1547 1334 acerbissimum
1583 1295 1670 1346 est,
1707 1288 1844 1348 quod

102 1369 250 1416 habet
274 1383 359 1416 eos
384 1374 688 1414 accusatores
720 1381 822 1412 non
858 1364 943 1427 qui
979 1365 1094 1425 odio
1127 1364 1490 1415 inimicitiarum
1522 1366 1585 1414 ad
1618 1383 1846 1435 accusan-

104 1450 238 1506 dum,
287 1448 374 1496 sed
415 1446 498 1508 qui
539 1445 702 1494 studio
747 1444 1011 1505 accusandi
1056 1446 1122 1494 ad
1161 1444 1439 1494 inimicitias
1487 1446 1840 1496 descenderint.

0 1515 1 1566 l
106 1544 223 1576 nam
270 1536 323 1576 ut
370 1526 592 1575 omittam
638 1523 856 1573 Servium
907 1524 1199 1588 Sulpicium‚‘
1249 1543 1395 1589 quem
1453 1526 1683 1590 intellego
1742 1543 1840 1575 non

2 1623 14 1672 ¹,-
108 1607 284 1656 iniuria
307 1609 350 1655 L
374 1592 628 1664 Murenae,
655 1605 741 1652 sed
765 1604 964 1668 honoris
988 1605 1306 1655 contentione
1329 1615 1621 1669 permotum,
1647 1616 1845 1656 accusat

4 1695 6 1730 i
107 1696 338 1750 paternus
371 1685 570 1744 amicus,
610 1686 650 1734 C
689 1686 967 1744 Postumus,
1004 1695 1160 1747 vetUS,
1203 1695 1258 1735 ut
1292 1687 1383 1749 ait,
1405 1687 1524 1750 ipse,
1561 1686 1751 1736 vicinus
1786 1703 1845 1735 ac

107 1767 420 1830 necessarius,
434 1753 527 1829 ¹qui
551 1766 926 1821 necessitudinis
952 1783 1123 1816 causas
1148 1769 1422 1830 complures
1446 1767 1658 1831 protulit,
1686 1767 1847 1816 simul-

161 1949 271 1988 xxvii
309 1958 358 1999 55
414 1963 506 1988 cum
553 1949 934 1997 iudicarem‚...tunz

107 2000 198 2043 suin
217 2003 406 2055 adfectus]
427 2003 496 2042 the
515 2003 781 2042 former‘verb
801 2003 844 2042 in
865 2004 935 2043 the

108 2057 366 2108 subjunctive
387 2064 430 2096 to
449 2070 613 2108 express
632 2070 656 2095 a
678 2058 934 2108 oomparison

109 2111 294 2150 between
318 2111 388 2150 the
415 2111 580 2162 general
606 2111 687 2149 and
715 2111 935 2163 particular

110 2176 214 2203 case.
271 2164 443 2215 Madvig
470 2166 491 2213 ξ
516 2167 605 2214 358,
630 2165 704 2204 obs
724 2178 762 2216 3.
811 2165 933 2204 Com-

112 2230 210 2270 pare
229 2217 282 2256 de
300 2223 370 2256 nat
391 2218 490 2256 deor
510 2228 523 2256 1
543 2221 564 2266 g
590 2231 621 2257 1.

162 2271 397 2321 iudicarem]
435 2272 642 2311 discussed
680 2272 783 2311 later
811 2272 853 2311 in
881 2272 933 2312 de

45 2325 50 2330 '
111 2324 265 2373 off1§§
289 2335 349 2376 70,
378 2338 438 2375 71.

163 2391 246 2416 non
278 2379 433 2430 queam]
471 2379 541 2418 the
572 2379 732 2431 regulasr
758 2379 862 2418 form
891 2380 940 2419 of

55 2439 62 2447 “
111 2430 180 2470 the
209 2430 294 2471 first
317 2445 466 2484 person
487 2433 530 2471 in
551 2433 710 2472 Cicero.
769 2433 933 2472 Freund

114 2497 324 2536 compares
354 2495 390 2524 11
421 2486 464 2525 in
492 2487 599 2526 Verr
628 2497 676 2525 lv
708 2488 729 2535 ἓ
759 2487 822 2539 89,
857 2501 933 2539 pro

113 2537 194 2576 Mil
211 2540 233 2586 ἓ
253 2547 316 2588 77.
369 2539 424 2579 So
443 2540 486 2579 in
505 2540 613 2580 third
632 2553 781 2592 person
799 2541 933 2592 plural

1015 1963 1083 1989 are
1123 1950 1192 1990 the
1230 1963 1353 1990 same.
1415 1952 1565 2004 Zumpt
1602 1951 1695 1991 well
1735 1965 1845 1991 com-

1015 2017 1133 2055 pares
1161 2011 1254 2044 auct
1280 2005 1333 2043 ad
1363 2005 1535 2044 Herenn
1564 2016 1613 2044 IV
1641 2008 1661 2054 ἐ
1693 2017 1743 2056 54
1781 2020 1846 2045 ex-

1005 2057 1148 2109 politio
1174 2064 1241 2104 est,
1269 2071 1398 2109 quum
1424 2059 1471 2098 in
1498 2060 1624 2098 eodem
1652 2061 1731 2099 loco
1759 2073 1845 2098 ma-

1017 2124 1157 2150 nemus
1191 2118 1227 2150 et
1261 2112 1382 2151 aliud
1416 2118 1534 2164 atque
1556 2114 1694 2152 *aliud
1725 2114 1850 2153 dicere

1015 2165 1211 2205 videmur.
1467 2192 1470 2194 -

1069 2219 1287 2268 continuis]
1308 2232 1499 2272 compare
1522 2222 1542 2269 ἓ
1569 2232 1630 2270 15.

1072 2273 1226 2322 relicta]
1263 2273 1402 2314 before
1440 2275 1520 2314 this
1557 2275 1671 2314 word
1716 2275 1846 2315 Halm

1015 2326 1160 2366 inserts
1180 2327 1225 2366 ei.

1073 2378 1123 2430 56
1150 2380 1236 2420 odio
1254 2380 1582 2432 inimicitiarum]
1607 2382 1784 2434 genitive
1805 2383 1852 2422 of

1017 2435 1247 2485 possession
1266 2448 1313 2474 or
1333 2435 1517 2475 relation.
1581 2437 1659 2476 See
1682 2450 1736 2476 on
1769 2439 1789 2485 ξ
1810 2449 1843 2482 1,

1017 2488 1098 2526 and
1127 2501 1318 2540 compare
1349 2502 1424 2540 pro
1462 2490 1541 2528 Mil
1571 2491 1590 2537 ἓ
1630 2491 1691 2540 78.
1753 2490 1845 2530 The

1017 2541 1108 2592 sing
1138 2541 1355 2581 im'micitia
1382 2551 1512 2582 seems
1551 2543 1648 2594 only
1674 2545 1775 2583 used
1803 2546 1845 2583 in

113 2590 223 2630 Tusc
241 2592 333 2644 disp
352 2602 387 2631 11
405 2595 426 2642 ξ
447 2592 511 2643 65.

166 2645 365 2695 nostrum]
384 2649 452 2686 ‘us
471 2647 718 2687 statesmen.’

165 2699 360 2748 eventum]
379 2699 447 2739 the
460 2707 647 2740 outcome
662 2701 710 2741 of
719 2701 782 2741 his
794 2701 934 2753 public

113 2749 198 2790 life.
246 2751 447 2804 Compare
465 2754 517 2794 de
535 2755 648 2794 divin
669 2765 706 2794 11
726 2756 745 2802 ξ
767 2768 814 2794 22
835 2769 936 2807 quae

113 2804 220 2843 enim
238 2805 322 2844 vita
334 2805 481 2856 fuisset
501 2808 680 2856 Priamo,
704 2809 742 2847 si
766 2810 815 2847 ao'
842 2810 932 2848 ado·
984 2803 987 2806 ’

113 2858 290 2897 lescentia
305 2859 432 2899 scisset
447 2874 542 2912 quos
556 2868 716 2901 eventus
732 2863 935 2902 senectutis

112 2915 208 2952 esset
220 2911 431 2952 habiturus
443 2913 463 2953 ?

157 2964 551 3018 primum...deinde]
590 2967 661 3009 the
683 2974 770 3010 two
799 2969 936 3022 things

249 3048 357 3097 Cic.
372 3055 468 3112 pro
493 3051 534 3098 L
558 3051 693 3098 splur.

1016 2595 1126 2645 good
1171 2608 1291 2646 prose
1327 2609 1372 2636 as
1408 2609 1462 2635 an
1498 2597 1676 2638 abstract
1711 2597 1844 2650 philo-

1016 2649 1199 2700 sophical
1219 2655 1334 2688 term.

1071 2703 1234 2741 honoris
1258 2704 1513 2753 contentione]
1569 2717 1636 2744 see
1662 2706 1755 2753 0n§
1783 2717 1840 2743 11.

1070 2756 1364 2796 necessitudinis
1398 2758 1557 2807 causas]
1593 2771 1757 2798 reasons
1786 2758 1848 2797 for

1020 2809 1225 2861 intimacy.
1285 2810 1343 2850 So
1379 2811 1450 2850 div
1487 2811 1530 2850 in
1569 2811 1708 2851 Caecil
1745 2813 1764 2860 ἓ
1795 2823 1845 2864 59

1019 2863 1238 2902 ridiculum
1275 2869 1331 2903 est
1351 2870 1498 2916 putare
1524 2879 1687 2904 causam
1728 2878 1846 2904 neces-

1018 2916 1209 2956 situdinis
1243 2918 1301 2956 ad
1337 2918 1591 2968 inferendum
1614 2919 1847 2969 periculum

1021 2970 1168 3010 iustam
1191 2971 1322 3010 videri
1333 2977 1512 3024 oportere.

1684 3054 1712 3100 6
