<?xml version="1.0" encoding="UTF-8"?>
<!DOCTYPE html PUBLIC "-//W3C//DTD XHTML 1.0 Transitional//EN"
    "http://www.w3.org/TR/xhtml1/DTD/xhtml1-transitional.dtd">
<html xmlns="http://www.w3.org/1999/xhtml" xml:lang="en" lang="en">
 <head>
  <title>
</title>
<meta http-equiv="Content-Type" content="text/html;charset=utf-8" />
  <meta name='ocr-system' content='tesseract 3.04.00' />
  <meta name='ocr-capabilities' content='ocr_page ocr_carea ocr_par ocr_line ocrx_word'/>
</head>
<body>
  <div class='ocr_page' id='page_1' title='image "./oratioprolmurena00ciceuoft/oratioprolmurena00ciceuoft_0076.png"; bbox 0 0 2054 3120; ppageno 0'>
   <div class='ocr_carea' id='block_1_1' title="bbox 85 0 2054 2027">
    <p class='ocr_par' dir='ltr' id='par_1_1' title="bbox 85 0 2054 985">
     <span class='ocr_line' id='line_1_1' title="bbox 176 0 2054 155; baseline 0 -22"><span class='ocrx_word' id='word_1_1' title='bbox 176 100 233 146; x_wconf 79' lang='lat'><strong>72</strong></span> <span class='ocrx_word' id='word_1_2' title='bbox 739 88 888 138; x_wconf 86' lang='lat' dir='ltr'><strong>PRO</strong></span> <span class='ocrx_word' id='word_1_3' title='bbox 931 88 977 136; x_wconf 73' lang='lat' dir='ltr'><strong>I,</strong></span> <span class='ocrx_word' id='word_1_4' title='bbox 1021 87 1096 136; x_wconf 88' lang='lat' dir='ltr'><em>M</em></span> <span class='ocrx_word' id='word_1_5' title='bbox 1098 87 1348 136; x_wconf 86' lang='lat' dir='ltr'><em>URENA</em></span> <span class='ocrx_word' id='word_1_6' title='bbox 1634 83 1811 152; x_wconf 93' lang='lat' dir='ltr'><strong>[XXII</strong></span> <span class='ocrx_word' id='word_1_7' title='bbox 1836 87 1899 146; x_wconf 90' lang='lat'><strong>46</strong></span> <span class='ocrx_word' id='word_1_8' title='bbox 2035 0 2054 155; x_wconf 52' lang='grc' dir='ltr'>ἔ</span> 
     </span>
     <span class='ocr_line' id='line_1_2' title="bbox 170 192 1899 259; baseline -0.002 -14"><span class='ocrx_word' id='word_1_9' title='bbox 170 195 363 255; x_wconf 86' lang='lat' dir='ltr'><strong>faciant,</strong></span> <span class='ocrx_word' id='word_1_10' title='bbox 398 206 635 259; x_wconf 86' lang='lat' dir='ltr'><strong>quantum</strong></span> <span class='ocrx_word' id='word_1_11' title='bbox 674 196 879 259; x_wconf 91' lang='lat' dir='ltr'><strong>quisque</strong></span> <span class='ocrx_word' id='word_1_12' title='bbox 909 195 1061 244; x_wconf 90' lang='lat' dir='ltr'><strong>animi</strong></span> <span class='ocrx_word' id='word_1_13' title='bbox 1094 204 1145 256; x_wconf 75' lang='lat' dir='ltr'><strong>et</strong></span> <span class='ocrx_word' id='word_1_14' title='bbox 1178 193 1419 243; x_wconf 84' lang='lat' dir='ltr'><strong>facultatis</strong></span> <span class='ocrx_word' id='word_1_15' title='bbox 1451 194 1631 242; x_wconf 91' lang='lat' dir='ltr'><strong>habere</strong></span> <span class='ocrx_word' id='word_1_16' title='bbox 1666 192 1899 242; x_wconf 87' lang='lat' dir='ltr'><strong>videatur.</strong></span> 
     </span>
     <span class='ocr_line' id='line_1_3' title="bbox 85 274 1905 350; baseline -0.001 -25"><span class='ocrx_word' id='word_1_17' title='bbox 85 277 147 326; x_wconf 81' lang='lat'><strong>45</strong></span> <span class='ocrx_word' id='word_1_18' title='bbox 176 277 403 327; x_wconf 90' lang='lat' dir='ltr'><strong>‘videsne</strong></span> <span class='ocrx_word' id='word_1_19' title='bbox 435 288 487 327; x_wconf 92' lang='lat' dir='ltr'><strong>tu</strong></span> <span class='ocrx_word' id='word_1_20' title='bbox 515 279 652 326; x_wconf 91' lang='lat' dir='ltr'><strong>illum</strong></span> <span class='ocrx_word' id='word_1_21' title='bbox 686 278 885 338; x_wconf 85' lang='lat' dir='ltr'><strong>tristem,</strong></span> <span class='ocrx_word' id='word_1_22' title='bbox 923 277 1227 327; x_wconf 82' lang='lat' dir='ltr'><strong>demissum?</strong></span> <span class='ocrx_word' id='word_1_23' title='bbox 1303 276 1443 336; x_wconf 91' lang='lat' dir='ltr'><strong>iacet,</strong></span> <span class='ocrx_word' id='word_1_24' title='bbox 1489 274 1677 350; x_wconf 63' lang='lat' dir='ltr'><strong>diffidit,</strong></span> <span class='ocrx_word' id='word_1_25' title='bbox 1724 274 1905 324; x_wconf 90' lang='lat' dir='ltr'><strong>abiecit</strong></span> 
     </span>
     <span class='ocr_line' id='line_1_4' title="bbox 172 355 1906 425; baseline -0.002 -20"><span class='ocrx_word' id='word_1_26' title='bbox 172 358 363 407; x_wconf 70' lang='lat' dir='ltr'><strong>hastas!</strong></span> <span class='ocrx_word' id='word_1_27' title='bbox 422 359 571 425; x_wconf 77' lang='lat' dir='ltr'><strong>serpit</strong></span> <span class='ocrx_word' id='word_1_28' title='bbox 608 358 687 406; x_wconf 89' lang='lat' dir='ltr'><strong>hic</strong></span> <span class='ocrx_word' id='word_1_29' title='bbox 723 375 920 418; x_wconf 86' lang='lat' dir='ltr'><strong>rumor:</strong></span> <span class='ocrx_word' id='word_1_30' title='bbox 958 358 1078 407; x_wconf 91' lang='lat' dir='ltr'><strong>‘scis</strong></span> <span class='ocrx_word' id='word_1_31' title='bbox 1112 367 1164 406; x_wconf 93' lang='lat' dir='ltr'><strong>tu</strong></span> <span class='ocrx_word' id='word_1_32' title='bbox 1200 357 1335 405; x_wconf 91' lang='lat' dir='ltr'><strong>illum</strong></span> <span class='ocrx_word' id='word_1_33' title='bbox 1369 357 1730 420; x_wconf 71' lang='lat' dir='ltr'><strong>accusationem</strong></span> <span class='ocrx_word' id='word_1_34' title='bbox 1777 355 1906 418; x_wconf 83' lang='lat' dir='ltr'><strong>cogi·</strong></span> 
     </span>
     <span class='ocr_line' id='line_1_5' title="bbox 173 437 1903 501; baseline -0.001 -15"><span class='ocrx_word' id='word_1_35' title='bbox 173 447 287 498; x_wconf 91' lang='lat' dir='ltr'><strong>tare,</strong></span> <span class='ocrx_word' id='word_1_36' title='bbox 314 438 555 500; x_wconf 89' lang='lat' dir='ltr'><strong>inquirere</strong></span> <span class='ocrx_word' id='word_1_37' title='bbox 580 438 630 486; x_wconf 92' lang='lat' dir='ltr'><strong>in</strong></span> <span class='ocrx_word' id='word_1_38' title='bbox 649 438 1021 501; x_wconf 83' lang='lat' dir='ltr'><strong>competitores,</strong></span> <span class='ocrx_word' id='word_1_39' title='bbox 1043 447 1191 486; x_wconf 89' lang='lat' dir='ltr'><strong>testes</strong></span> <span class='ocrx_word' id='word_1_40' title='bbox 1215 453 1445 500; x_wconf 85' lang='lat' dir='ltr'><strong>quaerere</strong></span> <span class='ocrx_word' id='word_1_41' title='bbox 1462 439 1486 485; x_wconf 77' lang='grc' dir='ltr'><em>Ρ</em></span> <span class='ocrx_word' id='word_1_42' title='bbox 1540 437 1689 485; x_wconf 90' lang='lat' dir='ltr'><strong>alium</strong></span> <span class='ocrx_word' id='word_1_43' title='bbox 1712 437 1903 497; x_wconf 88' lang='lat' dir='ltr'><strong>faciam,</strong></span> 
     </span>
     <span class='ocr_line' id='line_1_6' title="bbox 172 517 1903 583; baseline 0.001 -16"><span class='ocrx_word' id='word_1_44' title='bbox 172 519 405 582; x_wconf 88' lang='lat' dir='ltr'><strong>quoniam</strong></span> <span class='ocrx_word' id='word_1_45' title='bbox 452 519 543 568; x_wconf 88' lang='lat' dir='ltr'><strong>sibi</strong></span> <span class='ocrx_word' id='word_1_46' title='bbox 584 519 664 567; x_wconf 91' lang='lat' dir='ltr'><strong>hic</strong></span> <span class='ocrx_word' id='word_1_47' title='bbox 708 518 818 583; x_wconf 90' lang='lat' dir='ltr'><strong>ipse.</strong></span> <span class='ocrx_word' id='word_1_48' title='bbox 848 520 1100 581; x_wconf 87' lang='lat' dir='ltr'><strong>desperat.&#39;</strong></span> <span class='ocrx_word' id='word_1_49' title='bbox 1201 518 1304 567; x_wconf 92' lang='lat' dir='ltr'><strong>eius</strong></span> <span class='ocrx_word' id='word_1_50' title='bbox 1350 517 1487 566; x_wconf 90' lang='lat' dir='ltr'><strong>modi</strong></span> <span class='ocrx_word' id='word_1_51' title='bbox 1532 519 1595 566; x_wconf 93' lang='lat' dir='ltr'><strong>de</strong></span> <span class='ocrx_word' id='word_1_52' title='bbox 1640 518 1903 568; x_wconf 89' lang='lat' dir='ltr'><strong>candidato</strong></span> 
     </span>
     <span class='ocr_line' id='line_1_7' title="bbox 171 598 1905 668; baseline 0 -20"><span class='ocrx_word' id='word_1_53' title='bbox 171 617 364 649; x_wconf 91' lang='lat' dir='ltr'><strong>rumore</strong></span> <span class='ocrx_word' id='word_1_54' title='bbox 410 600 555 648; x_wconf 91' lang='lat' dir='ltr'><strong>amici</strong></span> <span class='ocrx_word' id='word_1_55' title='bbox 600 600 758 648; x_wconf 89' lang='lat' dir='ltr'><strong>intimi</strong></span> <span class='ocrx_word' id='word_1_56' title='bbox 810 600 1136 658; x_wconf 88' lang='lat' dir='ltr'><strong>debilitantur,</strong></span> <span class='ocrx_word' id='word_1_57' title='bbox 1180 598 1341 668; x_wconf 85' lang='lat' dir='ltr'><strong>studia</strong></span> <span class='ocrx_word' id='word_1_58' title='bbox 1390 599 1660 661; x_wconf 89' lang='lat' dir='ltr'><strong>deponunt,</strong></span> <span class='ocrx_word' id='word_1_59' title='bbox 1700 609 1785 648; x_wconf 90' lang='lat' dir='ltr'><strong>aut</strong></span> <span class='ocrx_word' id='word_1_60' title='bbox 1824 601 1905 648; x_wconf 90' lang='lat' dir='ltr'><strong>de-</strong></span> 
     </span>
     <span class='ocr_line' id='line_1_8' title="bbox 173 675 1905 742; baseline 0 -13"><span class='ocrx_word' id='word_1_61' title='bbox 173 690 349 730; x_wconf 88' lang='lat' dir='ltr'><strong>sertam</strong></span> <span class='ocrx_word' id='word_1_62' title='bbox 383 698 486 730; x_wconf 90' lang='lat' dir='ltr'><strong>rem</strong></span> <span class='ocrx_word' id='word_1_63' title='bbox 517 675 747 740; x_wconf 83' lang='lat' dir='ltr'><strong>abiciunt,</strong></span> <span class='ocrx_word' id='word_1_64' title='bbox 789 690 872 728; x_wconf 91' lang='lat' dir='ltr'><strong>aut</strong></span> <span class='ocrx_word' id='word_1_65' title='bbox 905 697 1044 729; x_wconf 92' lang='lat' dir='ltr'><strong>suam</strong></span> <span class='ocrx_word' id='word_1_66' title='bbox 1082 696 1281 742; x_wconf 91' lang='lat' dir='ltr'><strong>operam</strong></span> <span class='ocrx_word' id='word_1_67' title='bbox 1313 688 1361 727; x_wconf 91' lang='lat' dir='ltr'><strong>et</strong></span> <span class='ocrx_word' id='word_1_68' title='bbox 1391 679 1593 742; x_wconf 86' lang='lat' dir='ltr'><strong>gratiam</strong></span> <span class='ocrx_word' id='word_1_69' title='bbox 1626 679 1808 728; x_wconf 88' lang='lat' dir='ltr'><strong>iudicio</strong></span> <span class='ocrx_word' id='word_1_70' title='bbox 1854 690 1905 729; x_wconf 90' lang='lat' dir='ltr'><strong>et</strong></span> 
     </span>
     <span class='ocr_line' id='line_1_9' title="bbox 172 747 1906 822; baseline -0.001 -14"><span class='ocrx_word' id='word_1_71' title='bbox 172 761 471 809; x_wconf 83' lang='lat' dir='ltr'><strong>accusationi</strong></span> <span class='ocrx_word' id='word_1_72' title='bbox 495 770 750 810; x_wconf 89' lang='lat' dir='ltr'><strong>reservant.</strong></span> <span class='ocrx_word' id='word_1_73' title='bbox 819 775 944 808; x_wconf 83' lang='lat' dir='ltr'>XXII.</span> <span class='ocrx_word' id='word_1_74' title='bbox 981 759 1174 809; x_wconf 87' lang='lat' dir='ltr'><strong>accedit</strong></span> <span class='ocrx_word' id='word_1_75' title='bbox 1201 761 1392 821; x_wconf 89' lang='lat' dir='ltr'><strong>eodem,</strong></span> <span class='ocrx_word' id='word_1_76' title='bbox 1418 768 1471 808; x_wconf 90' lang='lat' dir='ltr'><strong>ut</strong></span> <span class='ocrx_word' id='word_1_77' title='bbox 1495 747 1641 808; x_wconf 80' lang='lat' dir='ltr'><strong>etiam</strong></span> <span class='ocrx_word' id='word_1_78' title='bbox 1667 759 1770 822; x_wconf 92' lang='lat' dir='ltr'><strong>ipse</strong></span> <span class='ocrx_word' id='word_1_79' title='bbox 1794 777 1906 808; x_wconf 90' lang='lat' dir='ltr'><strong>can-</strong></span> 
     </span>
     <span class='ocr_line' id='line_1_10' title="bbox 173 833 1906 909; baseline -0.002 -19"><span class='ocrx_word' id='word_1_80' title='bbox 173 840 367 909; x_wconf 86' lang='lat' dir='ltr'><strong>didatus</strong></span> <span class='ocrx_word' id='word_1_81' title='bbox 392 850 549 889; x_wconf 89' lang='lat' dir='ltr'><strong>totum</strong></span> <span class='ocrx_word' id='word_1_82' title='bbox 574 841 791 890; x_wconf 89' lang='lat' dir='ltr'><strong>animum</strong></span> <span class='ocrx_word' id='word_1_83' title='bbox 816 850 961 902; x_wconf 87' lang='lat' dir='ltr'><strong>atque</strong></span> <span class='ocrx_word' id='word_1_84' title='bbox 980 833 1192 888; x_wconf 63' lang='lat' dir='ltr'><strong>&gt;omnem</strong></span> <span class='ocrx_word' id='word_1_85' title='bbox 1225 856 1403 898; x_wconf 87' lang='lat' dir='ltr'><strong>curam,</strong></span> <span class='ocrx_word' id='word_1_86' title='bbox 1437 856 1634 902; x_wconf 90' lang='lat' dir='ltr'><strong>operam</strong></span> <span class='ocrx_word' id='word_1_87' title='bbox 1670 839 1906 903; x_wconf 87' lang='lat' dir='ltr'><strong>diligenti-</strong></span> 
     </span>
     <span class='ocr_line' id='line_1_11' title="bbox 174 907 1925 985; baseline -0.001 -16"><span class='ocrx_word' id='word_1_88' title='bbox 174 938 351 984; x_wconf 90' lang='lat' dir='ltr'><strong>amque</strong></span> <span class='ocrx_word' id='word_1_89' title='bbox 377 939 514 971; x_wconf 90' lang='lat' dir='ltr'><strong>suam</strong></span> <span class='ocrx_word' id='word_1_90' title='bbox 550 923 599 970; x_wconf 89' lang='lat' dir='ltr'><strong>in</strong></span> <span class='ocrx_word' id='word_1_91' title='bbox 627 922 864 985; x_wconf 88' lang='lat' dir='ltr'><strong>petitione</strong></span> <span class='ocrx_word' id='word_1_92' title='bbox 894 937 993 969; x_wconf 93' lang='lat' dir='ltr'><strong>non</strong></span> <span class='ocrx_word' id='word_1_93' title='bbox 1026 920 1180 982; x_wconf 89' lang='lat' dir='ltr'><strong>possit</strong></span> <span class='ocrx_word' id='word_1_94' title='bbox 1215 937 1398 982; x_wconf 88' lang='lat' dir='ltr'><strong>ponere</strong></span> <span class='ocrx_word' id='word_1_95' title='bbox 1418 938 1432 980; x_wconf 80' lang='lat'><em>3</em></span> <span class='ocrx_word' id='word_1_96' title='bbox 1467 907 1744 983; x_wconf 81' lang='lat' dir='ltr'><strong>adiungitur</strong></span> <span class='ocrx_word' id='word_1_97' title='bbox 1774 920 1925 969; x_wconf 55' lang='lat' dir='ltr'><strong>enim&lt;</strong></span> 
     </span>
    </p>

    <p class='ocr_par' dir='ltr' id='par_1_2' title="bbox 88 1001 1914 2027">
     <span class='ocr_line' id='line_1_12' title="bbox 133 1001 1904 1066; baseline -0.001 -17"><span class='ocrx_word' id='word_1_98' title='bbox 133 1024 143 1029; x_wconf 89' lang='lat'><strong>·</strong></span> <span class='ocrx_word' id='word_1_99' title='bbox 174 1002 498 1051; x_wconf 86' lang='lat' dir='ltr'><strong>accusationis</strong></span> <span class='ocrx_word' id='word_1_100' title='bbox 540 1002 785 1066; x_wconf 83' lang='lat' dir='ltr'><strong>cogitatio,</strong></span> <span class='ocrx_word' id='word_1_101' title='bbox 833 1018 935 1049; x_wconf 92' lang='lat' dir='ltr'><strong>non</strong></span> <span class='ocrx_word' id='word_1_102' title='bbox 966 1017 1113 1063; x_wconf 87' lang='lat' dir='ltr'><strong>parva</strong></span> <span class='ocrx_word' id='word_1_103' title='bbox 1146 1017 1235 1059; x_wconf 91' lang='lat' dir='ltr'><strong>res,</strong></span> <span class='ocrx_word' id='word_1_104' title='bbox 1284 1002 1374 1049; x_wconf 93' lang='lat' dir='ltr'><strong>sed</strong></span> <span class='ocrx_word' id='word_1_105' title='bbox 1414 1001 1642 1049; x_wconf 90' lang='lat' dir='ltr'><strong>nimirum</strong></span> <span class='ocrx_word' id='word_1_106' title='bbox 1682 1001 1904 1050; x_wconf 89' lang='lat' dir='ltr'><strong>omniurn</strong></span> 
     </span>
     <span class='ocr_line' id='line_1_13' title="bbox 173 1081 1906 1146; baseline 0.002 -17"><span class='ocrx_word' id='word_1_107' title='bbox 173 1083 395 1132; x_wconf 86' lang='lat' dir='ltr'><strong>maxima.</strong></span> <span class='ocrx_word' id='word_1_108' title='bbox 467 1101 700 1146; x_wconf 88' lang='lat' dir='ltr'><strong>magnum</strong></span> <span class='ocrx_word' id='word_1_109' title='bbox 733 1092 805 1131; x_wconf 91' lang='lat' dir='ltr'><strong>est</strong></span> <span class='ocrx_word' id='word_1_110' title='bbox 837 1081 969 1130; x_wconf 89' lang='lat' dir='ltr'><strong>enim</strong></span> <span class='ocrx_word' id='word_1_111' title='bbox 1001 1090 1049 1129; x_wconf 92' lang='lat' dir='ltr'><strong>te</strong></span> <span class='ocrx_word' id='word_1_112' title='bbox 1089 1097 1370 1143; x_wconf 86' lang='lat' dir='ltr'><strong>comparare</strong></span> <span class='ocrx_word' id='word_1_113' title='bbox 1408 1099 1478 1142; x_wconf 92' lang='lat' dir='ltr'><strong>ea,</strong></span> <span class='ocrx_word' id='word_1_114' title='bbox 1526 1083 1704 1145; x_wconf 91' lang='lat' dir='ltr'><strong>quibus</strong></span> <span class='ocrx_word' id='word_1_115' title='bbox 1749 1083 1906 1146; x_wconf 91' lang='lat' dir='ltr'><strong>possis</strong></span> 
     </span>
     <span class='ocr_line' id='line_1_14' title="bbox 172 1162 1904 1226; baseline 0.001 -18"><span class='ocrx_word' id='word_1_116' title='bbox 172 1162 422 1223; x_wconf 89' lang='lat' dir='ltr'><strong>hominem</strong></span> <span class='ocrx_word' id='word_1_117' title='bbox 460 1180 486 1211; x_wconf 94' lang='lat' dir='ltr'><strong>e</strong></span> <span class='ocrx_word' id='word_1_118' title='bbox 525 1163 730 1223; x_wconf 89' lang='lat' dir='ltr'><strong>civitate,</strong></span> <span class='ocrx_word' id='word_1_119' title='bbox 768 1164 1047 1226; x_wconf 83' lang='lat' dir='ltr'><strong>praesertim</strong></span> <span class='ocrx_word' id='word_1_120' title='bbox 1081 1180 1194 1226; x_wconf 18' lang='lat' dir='ltr'><strong>noni.</strong></span> <span class='ocrx_word' id='word_1_121' title='bbox 1214 1163 1412 1226; x_wconf 89' lang='lat' dir='ltr'><strong>inopem</strong></span> <span class='ocrx_word' id='word_1_122' title='bbox 1449 1179 1610 1225; x_wconf 90' lang='lat' dir='ltr'><strong>neque</strong></span> <span class='ocrx_word' id='word_1_123' title='bbox 1644 1163 1904 1221; x_wconf 87' lang='lat' dir='ltr'><strong>infirmum,</strong></span> 
     </span>
     <span class='ocr_line' id='line_1_15' title="bbox 173 1242 1906 1306; baseline 0 -17"><span class='ocrx_word' id='word_1_124' title='bbox 173 1243 439 1301; x_wconf 83' lang='lat' dir='ltr'><strong>exturbare,</strong></span> <span class='ocrx_word' id='word_1_125' title='bbox 469 1243 551 1305; x_wconf 92' lang='lat' dir='ltr'><strong>qui</strong></span> <span class='ocrx_word' id='word_1_126' title='bbox 577 1253 624 1292; x_wconf 90' lang='lat' dir='ltr'><strong>et</strong></span> <span class='ocrx_word' id='word_1_127' title='bbox 654 1260 742 1306; x_wconf 89' lang='lat' dir='ltr'><strong>per</strong></span> <span class='ocrx_word' id='word_1_128' title='bbox 780 1261 832 1292; x_wconf 84' lang='lat' dir='ltr'><strong>se</strong></span> <span class='ocrx_word' id='word_1_129' title='bbox 863 1253 917 1292; x_wconf 56' lang='lat' dir='ltr'><strong>‘et</strong></span> <span class='ocrx_word' id='word_1_130' title='bbox 948 1261 1035 1306; x_wconf 90' lang='lat' dir='ltr'><strong>per</strong></span> <span class='ocrx_word' id='word_1_131' title='bbox 1066 1260 1180 1292; x_wconf 74' lang='lat' dir='ltr'><strong>suos</strong></span> <span class='ocrx_word' id='word_1_132' title='bbox 1209 1253 1258 1291; x_wconf 92' lang='lat' dir='ltr'><strong>et</strong></span> <span class='ocrx_word' id='word_1_133' title='bbox 1287 1259 1403 1305; x_wconf 86' lang='lat' dir='ltr'><strong>vero</strong></span> <span class='ocrx_word' id='word_1_134' title='bbox 1434 1242 1578 1290; x_wconf 84' lang='lat' dir='ltr'><strong>etiam</strong></span> <span class='ocrx_word' id='word_1_135' title='bbox 1604 1258 1692 1304; x_wconf 89' lang='lat' dir='ltr'><strong>per</strong></span> <span class='ocrx_word' id='word_1_136' title='bbox 1721 1242 1906 1290; x_wconf 91' lang='lat' dir='ltr'><strong>alienos</strong></span> 
     </span>
     <span class='ocr_line' id='line_1_16' title="bbox 174 1322 1908 1386; baseline 0.001 -17"><span class='ocrx_word' id='word_1_137' title='bbox 174 1322 473 1373; x_wconf 89' lang='lat' dir='ltr'><strong>defendatur.</strong></span> <span class='ocrx_word' id='word_1_138' title='bbox 569 1341 740 1372; x_wconf 88' lang='lat' dir='ltr'><strong>omnes</strong></span> <span class='ocrx_word' id='word_1_139' title='bbox 773 1324 904 1372; x_wconf 89' lang='lat' dir='ltr'><strong>enim</strong></span> <span class='ocrx_word' id='word_1_140' title='bbox 945 1325 1006 1371; x_wconf 88' lang='lat' dir='ltr'><strong>ad</strong></span> <span class='ocrx_word' id='word_1_141' title='bbox 1053 1323 1268 1386; x_wconf 89' lang='lat' dir='ltr'><strong>pericula</strong></span> <span class='ocrx_word' id='word_1_142' title='bbox 1302 1324 1634 1385; x_wconf 89' lang='lat' dir='ltr'><strong>propulsanda</strong></span> <span class='ocrx_word' id='word_1_143' title='bbox 1669 1322 1908 1371; x_wconf 87' lang='lat' dir='ltr'><strong>concurri-</strong></span> 
     </span>
     <span class='ocr_line' id='line_1_17' title="bbox 173 1401 1908 1465; baseline 0.002 -17"><span class='ocrx_word' id='word_1_144' title='bbox 173 1416 295 1458; x_wconf 83' lang='lat' dir='ltr'><strong>mus,</strong></span> <span class='ocrx_word' id='word_1_145' title='bbox 344 1411 392 1450; x_wconf 91' lang='lat' dir='ltr'><strong>et</strong></span> <span class='ocrx_word' id='word_1_146' title='bbox 433 1403 518 1464; x_wconf 92' lang='lat' dir='ltr'><strong>qui</strong></span> <span class='ocrx_word' id='word_1_147' title='bbox 553 1419 655 1451; x_wconf 91' lang='lat' dir='ltr'><strong>non</strong></span> <span class='ocrx_word' id='word_1_148' title='bbox 692 1413 857 1465; x_wconf 88' lang='lat' dir='ltr'><strong>aperte</strong></span> <span class='ocrx_word' id='word_1_149' title='bbox 898 1403 1082 1451; x_wconf 87' lang='lat' dir='ltr'><strong>inimici</strong></span> <span class='ocrx_word' id='word_1_150' title='bbox 1113 1420 1295 1462; x_wconf 89' lang='lat' dir='ltr'><strong>sumus,</strong></span> <span class='ocrx_word' id='word_1_151' title='bbox 1333 1402 1480 1451; x_wconf 90' lang='lat' dir='ltr'><strong>etiam</strong></span> <span class='ocrx_word' id='word_1_152' title='bbox 1515 1402 1820 1451; x_wconf 90' lang='lat' dir='ltr'><strong>alienissimis</strong></span> <span class='ocrx_word' id='word_1_153' title='bbox 1857 1401 1908 1451; x_wconf 84' lang='lat' dir='ltr'><strong>in</strong></span> 
     </span>
     <span class='ocr_line' id='line_1_18' title="bbox 174 1481 1906 1550; baseline 0.002 -21"><span class='ocrx_word' id='word_1_154' title='bbox 174 1481 346 1544; x_wconf 89' lang='lat' dir='ltr'><strong>capitis</strong></span> <span class='ocrx_word' id='word_1_155' title='bbox 390 1483 615 1550; x_wconf 76' lang='lat' dir='ltr'><strong>periculis</strong></span> <span class='ocrx_word' id='word_1_156' title='bbox 661 1483 1064 1540; x_wconf 85' lang='lat' dir='ltr'><strong>amicissimorum</strong></span> <span class='ocrx_word' id='word_1_157' title='bbox 1105 1483 1264 1541; x_wconf 87' lang='lat' dir='ltr'><strong>officia</strong></span> <span class='ocrx_word' id='word_1_158' title='bbox 1300 1492 1348 1532; x_wconf 92' lang='lat' dir='ltr'><strong>et</strong></span> <span class='ocrx_word' id='word_1_159' title='bbox 1388 1482 1550 1531; x_wconf 89' lang='lat' dir='ltr'><strong>studia</strong></span> <span class='ocrx_word' id='word_1_160' title='bbox 1592 1494 1906 1546; x_wconf 89' lang='lat' dir='ltr'><strong>praestamus.</strong></span> 
     </span>
     <span class='ocr_line' id='line_1_19' title="bbox 88 1559 1912 1631; baseline 0.004 -25"><span class='ocrx_word' id='word_1_161' title='bbox 88 1559 149 1607; x_wconf 81' lang='lat'><strong>46</strong></span> <span class='ocrx_word' id='word_1_162' title='bbox 174 1577 322 1623; x_wconf 88' lang='lat' dir='ltr'><strong>quare</strong></span> <span class='ocrx_word' id='word_1_163' title='bbox 348 1577 438 1623; x_wconf 87' lang='lat' dir='ltr'><strong>ego</strong></span> <span class='ocrx_word' id='word_1_164' title='bbox 463 1572 688 1625; x_wconf 84' lang='lat' dir='ltr'><strong>expertus</strong></span> <span class='ocrx_word' id='word_1_165' title='bbox 714 1572 762 1614; x_wconf 89' lang='lat' dir='ltr'><strong>et</strong></span> <span class='ocrx_word' id='word_1_166' title='bbox 784 1563 985 1626; x_wconf 88' lang='lat' dir='ltr'><strong>petendi</strong></span> <span class='ocrx_word' id='word_1_167' title='bbox 1016 1573 1067 1612; x_wconf 87' lang='lat' dir='ltr'><strong>et</strong></span> <span class='ocrx_word' id='word_1_168' title='bbox 1098 1563 1395 1612; x_wconf 90' lang='lat' dir='ltr'><strong>defendendi</strong></span> <span class='ocrx_word' id='word_1_169' title='bbox 1431 1572 1480 1611; x_wconf 88' lang='lat' dir='ltr'><strong>et</strong></span> <span class='ocrx_word' id='word_1_170' title='bbox 1510 1565 1772 1631; x_wconf 88' lang='lat' dir='ltr'><strong>accusandi</strong></span> <span class='ocrx_word' id='word_1_171' title='bbox 1808 1581 1912 1613; x_wconf 87' lang='lat' dir='ltr'><strong>mo-</strong></span> 
     </span>
     <span class='ocr_line' id='line_1_20' title="bbox 174 1636 1908 1708; baseline 0.002 -16"><span class='ocrx_word' id='word_1_172' title='bbox 174 1645 364 1694; x_wconf 90' lang='lat' dir='ltr'><strong>lestiam</strong></span> <span class='ocrx_word' id='word_1_173' title='bbox 400 1645 470 1694; x_wconf 92' lang='lat' dir='ltr'><strong>sic</strong></span> <span class='ocrx_word' id='word_1_174' title='bbox 504 1645 747 1697; x_wconf 81' lang='lat' dir='ltr'><strong>intellexi:</strong></span> <span class='ocrx_word' id='word_1_175' title='bbox 796 1645 846 1692; x_wconf 91' lang='lat' dir='ltr'><strong>in</strong></span> <span class='ocrx_word' id='word_1_176' title='bbox 878 1636 1094 1708; x_wconf 88' lang='lat' dir='ltr'><strong>petendo</strong></span> <span class='ocrx_word' id='word_1_177' title='bbox 1124 1646 1343 1707; x_wconf 82' lang='lat' dir='ltr'><strong>studium</strong></span> <span class='ocrx_word' id='word_1_178' title='bbox 1375 1662 1483 1694; x_wconf 91' lang='lat' dir='ltr'><strong>esse</strong></span> <span class='ocrx_word' id='word_1_179' title='bbox 1519 1646 1824 1706; x_wconf 89' lang='lat' dir='ltr'><strong>acerrimum,</strong></span> <span class='ocrx_word' id='word_1_180' title='bbox 1859 1646 1908 1695; x_wconf 89' lang='lat' dir='ltr'><strong>in</strong></span> 
     </span>
     <span class='ocr_line' id='line_1_21' title="bbox 174 1725 1911 1787; baseline 0.001 -13"><span class='ocrx_word' id='word_1_181' title='bbox 174 1726 489 1775; x_wconf 92' lang='lat' dir='ltr'><strong>defendendo</strong></span> <span class='ocrx_word' id='word_1_182' title='bbox 514 1726 741 1784; x_wconf 88' lang='lat' dir='ltr'><strong>officium,</strong></span> <span class='ocrx_word' id='word_1_183' title='bbox 767 1725 817 1773; x_wconf 90' lang='lat' dir='ltr'><strong>in</strong></span> <span class='ocrx_word' id='word_1_184' title='bbox 842 1727 1119 1774; x_wconf 88' lang='lat' dir='ltr'><strong>accusando</strong></span> <span class='ocrx_word' id='word_1_185' title='bbox 1143 1727 1373 1774; x_wconf 87' lang='lat' dir='ltr'><strong>laborem.</strong></span> <span class='ocrx_word' id='word_1_186' title='bbox 1442 1725 1605 1787; x_wconf 89' lang='lat' dir='ltr'><strong>itaque</strong></span> <span class='ocrx_word' id='word_1_187' title='bbox 1629 1726 1700 1774; x_wconf 89' lang='lat' dir='ltr'><strong>sic</strong></span> <span class='ocrx_word' id='word_1_188' title='bbox 1722 1735 1911 1776; x_wconf 86' lang='lat' dir='ltr'><strong>statuo:</strong></span> 
     </span>
     <span class='ocr_line' id='line_1_22' title="bbox 174 1805 1909 1868; baseline 0.001 -16"><span class='ocrx_word' id='word_1_189' title='bbox 174 1805 277 1852; x_wconf 89' lang='lat' dir='ltr'><strong>fieri</strong></span> <span class='ocrx_word' id='word_1_190' title='bbox 323 1807 458 1853; x_wconf 90' lang='lat' dir='ltr'><strong>nullo</strong></span> <span class='ocrx_word' id='word_1_191' title='bbox 493 1807 644 1854; x_wconf 91' lang='lat' dir='ltr'><strong>modo</strong></span> <span class='ocrx_word' id='word_1_192' title='bbox 681 1822 839 1868; x_wconf 88' lang='lat' dir='ltr'><strong>posse,</strong></span> <span class='ocrx_word' id='word_1_193' title='bbox 883 1815 937 1854; x_wconf 90' lang='lat' dir='ltr'><strong>ut</strong></span> <span class='ocrx_word' id='word_1_194' title='bbox 976 1805 1109 1854; x_wconf 89' lang='lat' dir='ltr'><strong>idem</strong></span> <span class='ocrx_word' id='word_1_195' title='bbox 1149 1805 1510 1853; x_wconf 86' lang='lat' dir='ltr'><strong>accusationem</strong></span> <span class='ocrx_word' id='word_1_196' title='bbox 1545 1814 1594 1853; x_wconf 90' lang='lat' dir='ltr'><strong>et</strong></span> <span class='ocrx_word' id='word_1_197' title='bbox 1624 1805 1909 1867; x_wconf 86' lang='lat' dir='ltr'><strong>petitionem</strong></span> 
     </span>
     <span class='ocr_line' id='line_1_23' title="bbox 175 1882 1912 1950; baseline 0.002 -19"><span class='ocrx_word' id='word_1_198' title='bbox 175 1882 493 1950; x_wconf 88' lang='lat' dir='ltr'><strong>[consulatus]</strong></span> <span class='ocrx_word' id='word_1_199' title='bbox 518 1885 772 1947; x_wconf 91' lang='lat' dir='ltr'><strong>diligenter</strong></span> <span class='ocrx_word' id='word_1_200' title='bbox 795 1887 999 1934; x_wconf 89' lang='lat' dir='ltr'><strong>adornet</strong></span> <span class='ocrx_word' id='word_1_201' title='bbox 1023 1895 1170 1948; x_wconf 88' lang='lat' dir='ltr'><strong>atque</strong></span> <span class='ocrx_word' id='word_1_202' title='bbox 1198 1885 1432 1934; x_wconf 91' lang='lat' dir='ltr'><strong>instruat:</strong></span> <span class='ocrx_word' id='word_1_203' title='bbox 1486 1901 1640 1932; x_wconf 90' lang='lat' dir='ltr'><strong>unum</strong></span> <span class='ocrx_word' id='word_1_204' title='bbox 1677 1886 1912 1935; x_wconf 92' lang='lat' dir='ltr'><strong>sustinere</strong></span> 
     </span>
     <span class='ocr_line' id='line_1_24' title="bbox 173 1964 1914 2027; baseline 0.001 -16"><span class='ocrx_word' id='word_1_205' title='bbox 173 1964 318 2026; x_wconf 87' lang='lat' dir='ltr'><strong>pauci</strong></span> <span class='ocrx_word' id='word_1_206' title='bbox 341 1975 558 2026; x_wconf 89' lang='lat' dir='ltr'><strong>possunt,</strong></span> <span class='ocrx_word' id='word_1_207' title='bbox 584 1975 844 2027; x_wconf 90' lang='lat' dir='ltr'><strong>utrumque</strong></span> <span class='ocrx_word' id='word_1_208' title='bbox 868 1981 1034 2013; x_wconf 86' lang='lat' dir='ltr'><strong>nemo.</strong></span> <span class='ocrx_word' id='word_1_209' title='bbox 1103 1974 1171 2024; x_wconf 92' lang='lat' dir='ltr'><strong>tu,</strong></span> <span class='ocrx_word' id='word_1_210' title='bbox 1209 1980 1322 2012; x_wconf 89' lang='lat' dir='ltr'><strong>cum</strong></span> <span class='ocrx_word' id='word_1_211' title='bbox 1352 1972 1401 2012; x_wconf 90' lang='lat' dir='ltr'><strong>te</strong></span> <span class='ocrx_word' id='word_1_212' title='bbox 1437 1965 1499 2012; x_wconf 93' lang='lat' dir='ltr'><strong>de</strong></span> <span class='ocrx_word' id='word_1_213' title='bbox 1535 1964 1772 2012; x_wconf 90' lang='lat' dir='ltr'><strong>curriculo</strong></span> <span class='ocrx_word' id='word_1_214' title='bbox 1795 1965 1914 2027; x_wconf 88' lang='lat' dir='ltr'><strong>peti-</strong></span> 
     </span>
    </p>
   </div>
   <div class='ocr_carea' id='block_1_2' title="bbox 228 2053 1236 2105">
    <p class='ocr_par' dir='ltr' id='par_1_3' title="bbox 228 2053 1236 2105">
     <span class='ocr_line' id='line_1_25' title="bbox 228 2053 1236 2105; baseline 0.001 -15"><span class='ocrx_word' id='word_1_215' title='bbox 228 2053 362 2091; x_wconf 82' lang='lat' dir='ltr'><strong>anz&#39;mz&#39;</strong></span> <span class='ocrx_word' id='word_1_216' title='bbox 377 2058 414 2092; x_wconf 89' lang='lat' dir='ltr'><strong>et</strong></span> <span class='ocrx_word' id='word_1_217' title='bbox 415 2053 647 2105; x_wconf 80' lang='lat' dir='ltr'><strong>facultatis]</strong></span> <span class='ocrx_word' id='word_1_218' title='bbox 668 2053 902 2093; x_wconf 91' lang='lat' dir='ltr'><strong>confidence</strong></span> <span class='ocrx_word' id='word_1_219' title='bbox 921 2053 1003 2092; x_wconf 87' lang='lat' dir='ltr'><strong>and</strong></span> <span class='ocrx_word' id='word_1_220' title='bbox 1085 2053 1236 2092; x_wconf 71' lang='lat' dir='ltr'><strong>didate.</strong></span> 
     </span>
    </p>
   </div>
   <div class='ocr_carea' id='block_1_3' title="bbox 175 2052 1913 2158">
    <p class='ocr_par' dir='ltr' id='par_1_4' title="bbox 175 2052 1913 2158">
     <span class='ocr_line' id='line_1_26' title="bbox 1310 2052 1913 2106; baseline 0.003 -15"><span class='ocrx_word' id='word_1_221' title='bbox 1310 2058 1346 2092; x_wconf 85' lang='lat' dir='ltr'><strong>te</strong></span> <span class='ocrx_word' id='word_1_222' title='bbox 1371 2053 1453 2091; x_wconf 90' lang='lat' dir='ltr'><strong>and</strong></span> <span class='ocrx_word' id='word_1_223' title='bbox 1479 2052 1678 2092; x_wconf 79' lang='lat' dir='ltr'><strong>hominem</strong></span> <span class='ocrx_word' id='word_1_224' title='bbox 1706 2066 1775 2092; x_wconf 88' lang='lat' dir='ltr'><strong>are</strong></span> <span class='ocrx_word' id='word_1_225' title='bbox 1802 2056 1913 2106; x_wconf 89' lang='lat' dir='ltr'><strong>quite</strong></span> 
     </span>
     <span class='ocr_line' id='line_1_27' title="bbox 175 2106 1256 2158; baseline 0.001 -14"><span class='ocrx_word' id='word_1_226' title='bbox 175 2112 356 2157; x_wconf 88' lang='lat' dir='ltr'><strong>support.</strong></span> <span class='ocrx_word' id='word_1_227' title='bbox 1081 2106 1256 2158; x_wconf 86' lang='lat' dir='ltr'><strong>general.</strong></span> 
     </span>
    </p>
   </div>
   <div class='ocr_carea' id='block_1_4' title="bbox 176 2160 1007 2947">
    <p class='ocr_par' dir='ltr' id='par_1_5' title="bbox 177 2160 1003 2318">
     <span class='ocr_line' id='line_1_28' title="bbox 229 2160 1003 2211; baseline 0.003 -13"><span class='ocrx_word' id='word_1_228' title='bbox 229 2170 278 2208; x_wconf 84' lang='lat'><strong>45</strong></span> <span class='ocrx_word' id='word_1_229' title='bbox 335 2160 486 2209; x_wconf 75' lang='lat' dir='ltr'><strong>hastas]</strong></span> <span class='ocrx_word' id='word_1_230' title='bbox 532 2173 704 2211; x_wconf 87' lang='lat' dir='ltr'><strong>weapon</strong></span> <span class='ocrx_word' id='word_1_231' title='bbox 749 2160 797 2199; x_wconf 92' lang='lat' dir='ltr'><strong>of</strong></span> <span class='ocrx_word' id='word_1_232' title='bbox 836 2160 1003 2200; x_wconf 85' lang='lat' dir='ltr'><strong>offence.</strong></span> 
     </span>
     <span class='ocr_line' id='line_1_29' title="bbox 179 2213 998 2266; baseline 0.002 -15"><span class='ocrx_word' id='word_1_233' title='bbox 179 2213 191 2232; x_wconf 93' lang='lat'>‘</span> <span class='ocrx_word' id='word_1_234' title='bbox 206 2213 275 2251; x_wconf 88' lang='lat' dir='ltr'><strong>He</strong></span> <span class='ocrx_word' id='word_1_235' title='bbox 293 2213 366 2252; x_wconf 84' lang='lat' dir='ltr'><strong>has</strong></span> <span class='ocrx_word' id='word_1_236' title='bbox 385 2214 503 2265; x_wconf 85' lang='lat' dir='ltr'><strong>given</strong></span> <span class='ocrx_word' id='word_1_237' title='bbox 522 2227 578 2266; x_wconf 88' lang='lat' dir='ltr'><strong>up</strong></span> <span class='ocrx_word' id='word_1_238' title='bbox 597 2215 666 2254; x_wconf 91' lang='lat' dir='ltr'><strong>the</strong></span> <span class='ocrx_word' id='word_1_239' title='bbox 686 2214 872 2254; x_wconf 64' lang='lat' dir='ltr'><strong>contest!</strong></span> <span class='ocrx_word' id='word_1_240' title='bbox 892 2215 998 2253; x_wconf 83' lang='lat' dir='ltr'><strong>iacet.</strong></span> 
     </span>
     <span class='ocr_line' id='line_1_30' title="bbox 177 2267 501 2318; baseline -0.006 -12"><span class='ocrx_word' id='word_1_241' title='bbox 177 2267 380 2318; x_wconf 89' lang='lat' dir='ltr'><strong>Compare</strong></span> <span class='ocrx_word' id='word_1_242' title='bbox 401 2269 419 2315; x_wconf 67' lang='grc' dir='ltr'><strong>ἓ</strong></span> <span class='ocrx_word' id='word_1_243' title='bbox 441 2280 501 2316; x_wconf 81' lang='lat'><strong>30.</strong></span> 
     </span>
    </p>

    <p class='ocr_par' dir='ltr' id='par_1_6' title="bbox 177 2320 1007 2626">
     <span class='ocr_line' id='line_1_31' title="bbox 216 2320 1005 2371; baseline 0.004 -14"><span class='ocrx_word' id='word_1_244' title='bbox 216 2320 394 2371; x_wconf 83' lang='lat' dir='ltr'><strong>faciam]</strong></span> <span class='ocrx_word' id='word_1_245' title='bbox 419 2322 464 2360; x_wconf 89' lang='lat' dir='ltr'><strong>‘I</strong></span> <span class='ocrx_word' id='word_1_246' title='bbox 492 2320 596 2360; x_wconf 83' lang='lat' dir='ltr'><strong>shall</strong></span> <span class='ocrx_word' id='word_1_247' title='bbox 623 2326 718 2360; x_wconf 87' lang='lat' dir='ltr'><strong>vote</strong></span> <span class='ocrx_word' id='word_1_248' title='bbox 744 2320 808 2360; x_wconf 88' lang='lat' dir='ltr'><strong>for</strong></span> <span class='ocrx_word' id='word_1_249' title='bbox 834 2321 1005 2360; x_wconf 89' lang='lat' dir='ltr'><strong>another</strong></span> 
     </span>
     <span class='ocr_line' id='line_1_32' title="bbox 180 2373 1003 2426; baseline 0.002 -15"><span class='ocrx_word' id='word_1_250' title='bbox 180 2373 426 2412; x_wconf 83' lang='lat' dir='ltr'><strong>candidate.&#39;</strong></span> <span class='ocrx_word' id='word_1_251' title='bbox 502 2375 708 2426; x_wconf 88' lang='lat' dir='ltr'><strong>Compare</strong></span> <span class='ocrx_word' id='word_1_252' title='bbox 753 2388 829 2426; x_wconf 92' lang='lat' dir='ltr'><strong>pro</strong></span> <span class='ocrx_word' id='word_1_253' title='bbox 876 2375 1003 2413; x_wconf 89' lang='lat' dir='ltr'><strong>Plane</strong></span> 
     </span>
     <span class='ocr_line' id='line_1_33' title="bbox 177 2428 1007 2479; baseline 0.001 -14"><span class='ocrx_word' id='word_1_254' title='bbox 177 2429 198 2474; x_wconf 67' lang='grc' dir='ltr'>ξ</span> <span class='ocrx_word' id='word_1_255' title='bbox 225 2439 249 2478; x_wconf 88' lang='grc'>9</span> <span class='ocrx_word' id='word_1_256' title='bbox 278 2428 390 2477; x_wconf 84' lang='lat' dir='ltr'><em>facit</em></span> <span class='ocrx_word' id='word_1_257' title='bbox 412 2441 481 2476; x_wconf 88' lang='lat' dir='ltr'><strong>eos,</strong></span> <span class='ocrx_word' id='word_1_258' title='bbox 528 2442 553 2466; x_wconf 85' lang='lat' dir='ltr'><em>a</em></span> <span class='ocrx_word' id='word_1_259' title='bbox 581 2429 724 2479; x_wconf 83' lang='lat' dir='ltr'><strong>quibus</strong></span> <span class='ocrx_word' id='word_1_260' title='bbox 750 2433 805 2467; x_wconf 81' lang='lat' dir='ltr'><strong>est</strong></span> <span class='ocrx_word' id='word_1_261' title='bbox 831 2429 1007 2467; x_wconf 82' lang='lat' dir='ltr'><strong>maxime</strong></span> 
     </span>
     <span class='ocr_line' id='line_1_34' title="bbox 177 2481 998 2533; baseline 0.002 -15"><span class='ocrx_word' id='word_1_262' title='bbox 177 2481 362 2526; x_wconf 79' lang='lat' dir='ltr'><strong>ambitus,</strong></span> <span class='ocrx_word' id='word_1_263' title='bbox 409 2483 430 2529; x_wconf 65' lang='grc' dir='ltr'>ξ</span> <span class='ocrx_word' id='word_1_264' title='bbox 474 2482 521 2519; x_wconf 86' lang='lat'><strong>18</strong></span> <span class='ocrx_word' id='word_1_265' title='bbox 557 2482 658 2532; x_wconf 80' lang='lat' dir='ltr'><strong>quin</strong></span> <span class='ocrx_word' id='word_1_266' title='bbox 694 2495 836 2529; x_wconf 86' lang='lat' dir='ltr'><strong>omnes,</strong></span> <span class='ocrx_word' id='word_1_267' title='bbox 879 2482 998 2533; x_wconf 80' lang='lat' dir='ltr'><strong>qui...</strong></span> 
     </span>
     <span class='ocr_line' id='line_1_35' title="bbox 182 2534 1002 2586; baseline 0.001 -14"><span class='ocrx_word' id='word_1_268' title='bbox 182 2539 266 2573; x_wconf 85' lang='lat' dir='ltr'><strong>...te</strong></span> <span class='ocrx_word' id='word_1_269' title='bbox 292 2534 453 2573; x_wconf 82' lang='lat' dir='ltr'><strong>aedilem</strong></span> <span class='ocrx_word' id='word_1_270' title='bbox 461 2534 644 2586; x_wconf 74' lang='lat' dir='ltr'><strong>ficerint.</strong></span> <span class='ocrx_word' id='word_1_271' title='bbox 710 2536 787 2575; x_wconf 89' lang='lat' dir='ltr'><strong>See</strong></span> <span class='ocrx_word' id='word_1_272' title='bbox 816 2548 870 2573; x_wconf 90' lang='lat' dir='ltr'><strong>on</strong></span> <span class='ocrx_word' id='word_1_273' title='bbox 902 2537 923 2583; x_wconf 64' lang='grc' dir='ltr'>ἓ</span> <span class='ocrx_word' id='word_1_274' title='bbox 957 2536 1002 2574; x_wconf 91' lang='grc' dir='ltr'><strong>ι8</strong></span> 
     </span>
     <span class='ocr_line' id='line_1_36' title="bbox 178 2587 323 2626; baseline -0.007 0"><span class='ocrx_word' id='word_1_275' title='bbox 178 2587 323 2626; x_wconf 90' lang='lat' dir='ltr'><strong>above.</strong></span> 
     </span>
    </p>

    <p class='ocr_par' dir='ltr' id='par_1_7' title="bbox 176 2641 1004 2733">
     <span class='ocr_line' id='line_1_37' title="bbox 230 2641 1004 2693; baseline 0.003 -15"><span class='ocrx_word' id='word_1_276' title='bbox 230 2641 312 2679; x_wconf 87' lang='lat' dir='ltr'><strong>xxii</strong></span> <span class='ocrx_word' id='word_1_277' title='bbox 365 2641 508 2679; x_wconf 83' lang='lat' dir='ltr'><strong>accedit</strong></span> <span class='ocrx_word' id='word_1_278' title='bbox 545 2641 610 2690; x_wconf 75' lang='lat' dir='ltr'><strong>ut]</strong></span> <span class='ocrx_word' id='word_1_279' title='bbox 647 2641 818 2693; x_wconf 87' lang='lat' dir='ltr'><strong>Madvig</strong></span> <span class='ocrx_word' id='word_1_280' title='bbox 853 2643 874 2690; x_wconf 68' lang='grc' dir='ltr'>ἓ</span> <span class='ocrx_word' id='word_1_281' title='bbox 914 2651 1004 2692; x_wconf 80' lang='lat'><strong>373,</strong></span> 
     </span>
     <span class='ocr_line' id='line_1_38' title="bbox 176 2694 309 2733; baseline -0.015 0"><span class='ocrx_word' id='word_1_282' title='bbox 176 2694 251 2733; x_wconf 88' lang='lat' dir='ltr'><strong>obs</strong></span> <span class='ocrx_word' id='word_1_283' title='bbox 300 2722 309 2731; x_wconf 92' lang='lat'><strong>.</strong></span> 
     </span>
    </p>

    <p class='ocr_par' dir='ltr' id='par_1_8' title="bbox 177 2708 1004 2852">
     <span class='ocr_line' id='line_1_39' title="bbox 230 2708 1004 2796; baseline 0.003 -11"><span class='ocrx_word' id='word_1_284' title='bbox 230 2760 251 2786; x_wconf 89' lang='lat' dir='ltr'><strong>e</strong></span> <span class='ocrx_word' id='word_1_285' title='bbox 273 2708 445 2796; x_wconf 57' lang='lat' dir='ltr'><strong>{ivitatd</strong></span> <span class='ocrx_word' id='word_1_286' title='bbox 473 2747 543 2786; x_wconf 91' lang='lat' dir='ltr'><strong>the</strong></span> <span class='ocrx_word' id='word_1_287' title='bbox 566 2748 629 2786; x_wconf 85' lang='lat' dir='ltr'><strong>lex</strong></span> <span class='ocrx_word' id='word_1_288' title='bbox 660 2748 796 2786; x_wconf 82' lang='lat' dir='ltr'><em>Tullia</em></span> <span class='ocrx_word' id='word_1_289' title='bbox 823 2747 1004 2787; x_wconf 85' lang='lat' dir='ltr'><strong>inflicted</strong></span> 
     </span>
     <span class='ocr_line' id='line_1_40' title="bbox 177 2801 812 2852; baseline 0.002 -13"><span class='ocrx_word' id='word_1_290' title='bbox 177 2813 203 2839; x_wconf 89' lang='lat' dir='ltr'><strong>a</strong></span> <span class='ocrx_word' id='word_1_291' title='bbox 221 2801 388 2852; x_wconf 88' lang='lat' dir='ltr'><strong>penalty</strong></span> <span class='ocrx_word' id='word_1_292' title='bbox 402 2801 448 2839; x_wconf 87' lang='lat' dir='ltr'><strong>of</strong></span> <span class='ocrx_word' id='word_1_293' title='bbox 462 2807 531 2840; x_wconf 92' lang='lat' dir='ltr'><strong>ten</strong></span> <span class='ocrx_word' id='word_1_294' title='bbox 549 2801 677 2852; x_wconf 89' lang='lat' dir='ltr'><strong>years&#39;</strong></span> <span class='ocrx_word' id='word_1_295' title='bbox 697 2802 812 2840; x_wconf 88' lang='lat' dir='ltr'><strong>exile.</strong></span> 
     </span>
    </p>

    <p class='ocr_par' dir='ltr' id='par_1_9' title="bbox 178 2853 1003 2947">
     <span class='ocr_line' id='line_1_41' title="bbox 232 2853 1003 2909; baseline 0 -17"><span class='ocrx_word' id='word_1_296' title='bbox 232 2867 314 2893; x_wconf 81' lang='lat' dir='ltr'><strong>non</strong></span> <span class='ocrx_word' id='word_1_297' title='bbox 359 2855 512 2909; x_wconf 80' lang='lat' dir='ltr'><strong>inopem</strong></span> <span class='ocrx_word' id='word_1_298' title='bbox 572 2855 652 2903; x_wconf 90' lang='lat' dir='ltr'><strong>etc]</strong></span> <span class='ocrx_word' id='word_1_299' title='bbox 691 2867 738 2893; x_wconf 93' lang='lat' dir='ltr'><strong>or</strong></span> <span class='ocrx_word' id='word_1_300' title='bbox 776 2855 827 2894; x_wconf 92' lang='lat' dir='ltr'><strong>he</strong></span> <span class='ocrx_word' id='word_1_301' title='bbox 866 2853 1003 2893; x_wconf 89' lang='lat' dir='ltr'><strong>would</strong></span> 
     </span>
     <span class='ocr_line' id='line_1_42' title="bbox 178 2907 999 2947; baseline 0.002 -2"><span class='ocrx_word' id='word_1_302' title='bbox 178 2919 301 2947; x_wconf 89' lang='lat' dir='ltr'><strong>never</strong></span> <span class='ocrx_word' id='word_1_303' title='bbox 318 2907 422 2947; x_wconf 88' lang='lat' dir='ltr'><strong>have</strong></span> <span class='ocrx_word' id='word_1_304' title='bbox 447 2920 563 2947; x_wconf 89' lang='lat' dir='ltr'><strong>come</strong></span> <span class='ocrx_word' id='word_1_305' title='bbox 588 2907 763 2947; x_wconf 85' lang='lat' dir='ltr'><strong>forward</strong></span> <span class='ocrx_word' id='word_1_306' title='bbox 788 2921 832 2947; x_wconf 88' lang='lat' dir='ltr'><strong>as</strong></span> <span class='ocrx_word' id='word_1_307' title='bbox 857 2921 882 2947; x_wconf 89' lang='lat' dir='ltr'><strong>a</strong></span> <span class='ocrx_word' id='word_1_308' title='bbox 907 2921 999 2947; x_wconf 90' lang='lat' dir='ltr'><strong>can-</strong></span> 
     </span>
    </p>
   </div>
   <div class='ocr_carea' id='block_1_5' title="bbox 1083 2159 1914 2959">
    <p class='ocr_par' dir='ltr' id='par_1_10' title="bbox 1083 2159 1913 2262">
     <span class='ocr_line' id='line_1_43' title="bbox 1137 2159 1913 2212; baseline 0.003 -14"><span class='ocrx_word' id='word_1_309' title='bbox 1137 2159 1408 2209; x_wconf 63' lang='lat' dir='ltr'><strong>alz&#39;enissimzs]</strong></span> <span class='ocrx_word' id='word_1_310' title='bbox 1437 2173 1627 2212; x_wconf 88' lang='lat' dir='ltr'><strong>compare</strong></span> <span class='ocrx_word' id='word_1_311' title='bbox 1652 2161 1672 2208; x_wconf 66' lang='grc' dir='ltr'><strong>ἓ</strong></span> <span class='ocrx_word' id='word_1_312' title='bbox 1692 2160 1729 2208; x_wconf 91' lang='grc'><strong>8,</strong></span> <span class='ocrx_word' id='word_1_313' title='bbox 1753 2160 1806 2200; x_wconf 93' lang='lat' dir='ltr'><strong>de</strong></span> <span class='ocrx_word' id='word_1_314' title='bbox 1825 2166 1913 2200; x_wconf 87' lang='lat' dir='ltr'><strong>orat</strong></span> 
     </span>
     <span class='ocr_line' id='line_1_44' title="bbox 1083 2216 1272 2262; baseline -0.011 -10"><span class='ocrx_word' id='word_1_315' title='bbox 1083 2223 1119 2252; x_wconf 91' lang='lat'><strong>11</strong></span> <span class='ocrx_word' id='word_1_316' title='bbox 1139 2216 1160 2262; x_wconf 64' lang='grc' dir='ltr'>ξ</span> <span class='ocrx_word' id='word_1_317' title='bbox 1183 2226 1272 2253; x_wconf 84' lang='lat'>200.</span> 
     </span>
    </p>

    <p class='ocr_par' dir='ltr' id='par_1_11' title="bbox 1086 2266 1913 2372">
     <span class='ocr_line' id='line_1_45' title="bbox 1141 2266 1913 2319; baseline 0.001 -14"><span class='ocrx_word' id='word_1_318' title='bbox 1141 2266 1192 2316; x_wconf 87' lang='lat'><strong>46</strong></span> <span class='ocrx_word' id='word_1_319' title='bbox 1244 2280 1320 2306; x_wconf 85' lang='lat' dir='ltr'><strong>esse</strong></span> <span class='ocrx_word' id='word_1_320' title='bbox 1335 2267 1398 2316; x_wconf 86' lang='lat' dir='ltr'><strong>in]</strong></span> <span class='ocrx_word' id='word_1_321' title='bbox 1417 2267 1587 2317; x_wconf 88' lang='lat' dir='ltr'><strong>belongs</strong></span> <span class='ocrx_word' id='word_1_322' title='bbox 1602 2272 1658 2312; x_wconf 90' lang='lat' dir='ltr'><strong>to,</strong></span> <span class='ocrx_word' id='word_1_323' title='bbox 1674 2266 1709 2305; x_wconf 91' lang='lat' dir='ltr'><strong>is</strong></span> <span class='ocrx_word' id='word_1_324' title='bbox 1727 2267 1913 2319; x_wconf 87' lang='lat' dir='ltr'><strong>required</strong></span> 
     </span>
     <span class='ocr_line' id='line_1_46' title="bbox 1086 2320 1778 2372; baseline -0.003 -12"><span class='ocrx_word' id='word_1_325' title='bbox 1086 2321 1155 2372; x_wconf 90' lang='lat' dir='ltr'><strong>by.</strong></span> <span class='ocrx_word' id='word_1_326' title='bbox 1213 2320 1417 2372; x_wconf 83' lang='lat' dir='ltr'><strong>Compare</strong></span> <span class='ocrx_word' id='word_1_327' title='bbox 1434 2333 1510 2372; x_wconf 88' lang='lat' dir='ltr'><strong>pro</strong></span> <span class='ocrx_word' id='word_1_328' title='bbox 1530 2321 1654 2359; x_wconf 92' lang='lat' dir='ltr'><strong>Plane</strong></span> <span class='ocrx_word' id='word_1_329' title='bbox 1674 2322 1695 2369; x_wconf 82' lang='lat'>§</span> <span class='ocrx_word' id='word_1_330' title='bbox 1721 2332 1778 2359; x_wconf 88' lang='lat'><strong>10.</strong></span> 
     </span>
    </p>

    <p class='ocr_par' dir='ltr' id='par_1_12' title="bbox 1088 2371 1913 2477">
     <span class='ocr_line' id='line_1_47' title="bbox 1141 2371 1913 2425; baseline 0.001 -13"><span class='ocrx_word' id='word_1_331' title='bbox 1141 2371 1387 2422; x_wconf 80' lang='lat' dir='ltr'><strong>consulatus]</strong></span> <span class='ocrx_word' id='word_1_332' title='bbox 1443 2380 1516 2413; x_wconf 90' lang='lat' dir='ltr'><strong>not</strong></span> <span class='ocrx_word' id='word_1_333' title='bbox 1557 2374 1843 2425; x_wconf 83' lang='lat' dir='ltr'><strong>interpolated,</strong></span> <span class='ocrx_word' id='word_1_334' title='bbox 1889 2374 1913 2413; x_wconf 90' lang='lat'>1</span> 
     </span>
     <span class='ocr_line' id='line_1_48' title="bbox 1088 2427 1555 2477; baseline -0.004 -10"><span class='ocrx_word' id='word_1_335' title='bbox 1088 2427 1222 2467; x_wconf 88' lang='lat' dir='ltr'><strong>think.</strong></span> <span class='ocrx_word' id='word_1_336' title='bbox 1281 2428 1358 2467; x_wconf 90' lang='lat' dir='ltr'><strong>See</strong></span> <span class='ocrx_word' id='word_1_337' title='bbox 1377 2440 1431 2466; x_wconf 91' lang='lat' dir='ltr'><strong>on</strong></span> <span class='ocrx_word' id='word_1_338' title='bbox 1450 2427 1471 2473; x_wconf 66' lang='grc' dir='ltr'><strong>ἓ</strong></span> <span class='ocrx_word' id='word_1_339' title='bbox 1491 2440 1555 2477; x_wconf 81' lang='lat'><strong>43.</strong></span> 
     </span>
    </p>

    <p class='ocr_par' dir='ltr' id='par_1_13' title="bbox 1085 2479 1914 2959">
     <span class='ocr_line' id='line_1_49' title="bbox 1140 2479 1912 2531; baseline 0 -12"><span class='ocrx_word' id='word_1_340' title='bbox 1140 2481 1322 2529; x_wconf 79' lang='lat' dir='ltr'><strong>adornet]</strong></span> <span class='ocrx_word' id='word_1_341' title='bbox 1355 2481 1366 2500; x_wconf 92' lang='lat'>‘</span> <span class='ocrx_word' id='word_1_342' title='bbox 1385 2479 1539 2531; x_wconf 88' lang='lat' dir='ltr'><strong>equip,’</strong></span> <span class='ocrx_word' id='word_1_343' title='bbox 1578 2480 1795 2531; x_wconf 84' lang='lat' dir='ltr'><strong>‘prepare.’</strong></span> <span class='ocrx_word' id='word_1_344' title='bbox 1848 2480 1912 2520; x_wconf 83' lang='lat' dir='ltr'><strong>in-</strong></span> 
     </span>
     <span class='ocr_line' id='line_1_50' title="bbox 1086 2532 1912 2586; baseline 0.001 -14"><span class='ocrx_word' id='word_1_345' title='bbox 1086 2539 1232 2572; x_wconf 66' lang='lat' dir='ltr'><strong>struens</strong></span> <span class='ocrx_word' id='word_1_346' title='bbox 1289 2537 1299 2555; x_wconf 91' lang='lat'>‘</span> <span class='ocrx_word' id='word_1_347' title='bbox 1314 2532 1518 2579; x_wconf 88' lang='lat' dir='ltr'><strong>marshal,&#39;</strong></span> <span class='ocrx_word' id='word_1_348' title='bbox 1545 2535 1556 2553; x_wconf 90' lang='lat'>‘</span> <span class='ocrx_word' id='word_1_349' title='bbox 1571 2533 1717 2584; x_wconf 89' lang='lat' dir='ltr'><strong>array‚’</strong></span> <span class='ocrx_word' id='word_1_350' title='bbox 1750 2536 1912 2586; x_wconf 89' lang='lat' dir='ltr'><strong>‘organ-</strong></span> 
     </span>
     <span class='ocr_line' id='line_1_51' title="bbox 1087 2586 1908 2638; baseline 0 -12"><span class='ocrx_word' id='word_1_351' title='bbox 1087 2586 1173 2626; x_wconf 89' lang='lat' dir='ltr'><strong>ize.&#39;</strong></span> <span class='ocrx_word' id='word_1_352' title='bbox 1257 2587 1460 2638; x_wconf 90' lang='lat' dir='ltr'><strong>Compare</strong></span> <span class='ocrx_word' id='word_1_353' title='bbox 1487 2599 1562 2638; x_wconf 92' lang='lat' dir='ltr'><strong>pro</strong></span> <span class='ocrx_word' id='word_1_354' title='bbox 1592 2587 1740 2626; x_wconf 87' lang='lat' dir='ltr'><strong>Cluent</strong></span> <span class='ocrx_word' id='word_1_355' title='bbox 1766 2589 1809 2636; x_wconf 52' lang='grc' dir='ltr'><strong>ἐξ(</strong></span> <span class='ocrx_word' id='word_1_356' title='bbox 1850 2589 1908 2634; x_wconf 90' lang='lat'><strong>18,</strong></span> 
     </span>
     <span class='ocr_line' id='line_1_52' title="bbox 1092 2640 1913 2692; baseline 0.001 -13"><span class='ocrx_word' id='word_1_357' title='bbox 1092 2653 1180 2692; x_wconf 88' lang='lat'>191.</span> <span class='ocrx_word' id='word_1_358' title='bbox 1255 2640 1346 2679; x_wconf 89' lang='lat' dir='ltr'><strong>The</strong></span> <span class='ocrx_word' id='word_1_359' title='bbox 1378 2640 1595 2690; x_wconf 81' lang='lat' dir='ltr'><strong>metaphor&#39;</strong></span> <span class='ocrx_word' id='word_1_360' title='bbox 1631 2653 1761 2679; x_wconf 90' lang='lat' dir='ltr'><strong>seems</strong></span> <span class='ocrx_word' id='word_1_361' title='bbox 1788 2647 1833 2680; x_wconf 95' lang='lat' dir='ltr'><strong>to</strong></span> <span class='ocrx_word' id='word_1_362' title='bbox 1861 2641 1913 2680; x_wconf 90' lang='lat' dir='ltr'><strong>be</strong></span> 
     </span>
     <span class='ocr_line' id='line_1_53' title="bbox 1085 2693 1873 2744; baseline 0.001 -12"><span class='ocrx_word' id='word_1_363' title='bbox 1085 2707 1110 2732; x_wconf 86' lang='lat' dir='ltr'><strong>a</strong></span> <span class='ocrx_word' id='word_1_364' title='bbox 1130 2693 1306 2744; x_wconf 81' lang='lat' dir='ltr'><strong>military</strong></span> <span class='ocrx_word' id='word_1_365' title='bbox 1324 2706 1416 2732; x_wconf 91' lang='lat' dir='ltr'><strong>one.</strong></span> <span class='ocrx_word' id='word_1_366' title='bbox 1474 2693 1677 2744; x_wconf 88' lang='lat' dir='ltr'><strong>Compare</strong></span> <span class='ocrx_word' id='word_1_367' title='bbox 1696 2707 1750 2733; x_wconf 93' lang='lat' dir='ltr'><strong>on</strong></span> <span class='ocrx_word' id='word_1_368' title='bbox 1768 2695 1790 2741; x_wconf 65' lang='lat'>5</span> <span class='ocrx_word' id='word_1_369' title='bbox 1811 2707 1873 2733; x_wconf 85' lang='lat'><strong>22.</strong></span> 
     </span>
     <span class='ocr_line' id='line_1_54' title="bbox 1094 2746 1912 2798; baseline 0.002 -13"><span class='ocrx_word' id='word_1_370' title='bbox 1094 2755 1097 2757; x_wconf 85' lang='grc'><strong><em>·</em></strong></span> <span class='ocrx_word' id='word_1_371' title='bbox 1139 2747 1346 2795; x_wconf 80' lang='lat' dir='ltr'><strong>sustinere]</strong></span> <span class='ocrx_word' id='word_1_372' title='bbox 1366 2750 1376 2767; x_wconf 93' lang='lat'>‘</span> <span class='ocrx_word' id='word_1_373' title='bbox 1394 2759 1508 2798; x_wconf 84' lang='lat' dir='ltr'><strong>carry</strong></span> <span class='ocrx_word' id='word_1_374' title='bbox 1522 2746 1622 2795; x_wconf 89' lang='lat' dir='ltr'><strong>out,&#39;</strong></span> <span class='ocrx_word' id='word_1_375' title='bbox 1642 2749 1653 2767; x_wconf 91' lang='lat'>‘</span> <span class='ocrx_word' id='word_1_376' title='bbox 1666 2746 1760 2786; x_wconf 87' lang='lat' dir='ltr'><strong>act.’</strong></span> <span class='ocrx_word' id='word_1_377' title='bbox 1789 2747 1912 2787; x_wconf 89' lang='lat' dir='ltr'><strong>Com-</strong></span> 
     </span>
     <span class='ocr_line' id='line_1_55' title="bbox 1087 2800 1914 2852; baseline 0.001 -14"><span class='ocrx_word' id='word_1_378' title='bbox 1087 2813 1185 2851; x_wconf 88' lang='lat' dir='ltr'><strong>pare</strong></span> <span class='ocrx_word' id='word_1_379' title='bbox 1212 2800 1265 2839; x_wconf 76' lang='lat' dir='ltr'><strong>de</strong></span> <span class='ocrx_word' id='word_1_380' title='bbox 1299 2805 1388 2839; x_wconf 87' lang='lat' dir='ltr'><strong>orat</strong></span> <span class='ocrx_word' id='word_1_381' title='bbox 1419 2809 1456 2838; x_wconf 92' lang='lat'><strong>11</strong></span> <span class='ocrx_word' id='word_1_382' title='bbox 1478 2801 1499 2847; x_wconf 67' lang='grc' dir='ltr'><strong>ἕ</strong></span> <span class='ocrx_word' id='word_1_383' title='bbox 1526 2813 1597 2840; x_wconf 80' lang='lat'><strong>102</strong></span> <span class='ocrx_word' id='word_1_384' title='bbox 1624 2805 1703 2839; x_wconf 84' lang='lat' dir='ltr'><strong>tres</strong></span> <span class='ocrx_word' id='word_1_385' title='bbox 1721 2805 1914 2852; x_wconf 80' lang='lat' dir='ltr'><strong>personas</strong></span> 
     </span>
     <span class='ocr_line' id='line_1_56' title="bbox 1087 2853 1406 2892; baseline 0.003 -1"><span class='ocrx_word' id='word_1_386' title='bbox 1087 2866 1198 2892; x_wconf 83' lang='lat' dir='ltr'><strong>unus</strong></span> <span class='ocrx_word' id='word_1_387' title='bbox 1225 2853 1406 2892; x_wconf 74' lang='lat' dir='ltr'><strong>sustineo.</strong></span> 
     </span>
     <span class='ocr_line' id='line_1_57' title="bbox 1085 2906 1446 2959; baseline -0.006 -13"><span class='ocrx_word' id='word_1_388' title='bbox 1085 2913 1199 2958; x_wconf 89' lang='lat' dir='ltr'><strong>stage</strong></span> <span class='ocrx_word' id='word_1_389' title='bbox 1218 2906 1446 2959; x_wconf 83' lang='lat' dir='ltr'><strong>metaphor.</strong></span> 
     </span>
    </p>
   </div>
   <div class='ocr_carea' id='block_1_6' title="bbox 1486 2853 1994 2916">
    <p class='ocr_par' dir='ltr' id='par_1_14' title="bbox 1486 2853 1994 2916">
     <span class='ocr_line' id='line_1_58' title="bbox 1486 2853 1994 2916; baseline 0.008 -24"><span class='ocrx_word' id='word_1_390' title='bbox 1486 2853 1588 2892; x_wconf 87' lang='lat' dir='ltr'><strong>This</strong></span> <span class='ocrx_word' id='word_1_391' title='bbox 1607 2866 1738 2894; x_wconf 88' lang='lat' dir='ltr'><strong>seems</strong></span> <span class='ocrx_word' id='word_1_392' title='bbox 1757 2859 1800 2894; x_wconf 89' lang='lat' dir='ltr'><strong>to</strong></span> <span class='ocrx_word' id='word_1_393' title='bbox 1817 2853 1870 2894; x_wconf 86' lang='lat' dir='ltr'><strong>be</strong></span> <span class='ocrx_word' id='word_1_394' title='bbox 1887 2866 1914 2895; x_wconf 76' lang='lat' dir='ltr'><strong>a</strong></span> <span class='ocrx_word' id='word_1_395' title='bbox 1988 2910 1994 2916; x_wconf 31' lang='lat'><strong>⁴</strong></span> 
     </span>
    </p>
   </div>
   <div class='ocr_carea' id='block_1_7' title="bbox 1951 817 2054 3120">
    <p class='ocr_par' dir='ltr' id='par_1_15' title="bbox 1951 817 2054 3120">
     <span class='ocr_line' id='line_1_59' title="bbox 1951 817 2054 3120; baseline 0 0"><span class='ocrx_word' id='word_1_396' title='bbox 1951 817 2054 3120; x_wconf 95' lang='lat' dir='ltr'><strong> </strong></span> 
     </span>
    </p>
   </div>
  </div>
 </body>
</html>
