2054 3120
186 90 259 135 VI
291 82 370 149 13]
735 83 886 132 PRO
929 84 976 131 L
1019 82 1349 131 MURENA
1850 96 1913 142 39

183 192 359 241 vixisse
383 191 688 240 laudandum
721 199 808 239 est.
881 206 1027 253 quam
1053 190 1118 238 ob
1143 205 1246 237 rem
1277 205 1378 237 non
1411 186 1560 236 Asiae
1595 203 1779 236 nomen
1815 186 1917 235 obi-

183 271 412 320 ciendum
446 273 684 319 Murenae
719 270 820 328 fuit,
849 285 908 317 ex
944 286 1042 332 qua
1075 271 1180 317 laus
1215 268 1440 328 familiae,
1466 267 1703 317 memoria
1735 266 1915 330 generi,

182 353 339 400 honos
375 359 424 399 et
456 350 608 413 gloria
642 350 831 402 nomini
866 349 1131 397 constituta
1167 358 1254 409 est,
1281 349 1368 397 sed
1392 348 1593 411 aliquod
1618 357 1700 396 aut
1724 348 1774 395 in
1797 347 1917 395 Asia

183 441 462 494 susceptum
486 441 570 480 aut
595 448 658 479 ex
683 431 803 478 Asia
834 422 1145 493 deportatum
1181 429 1418 491 flagitium
1448 430 1783 487 aodedecus:
1818 445 1917 477 me-

180 513 331 561 ruisse
356 528 474 570 vero
496 511 740 574 stipendia
768 512 818 559 in
847 528 908 560 eo
934 512 1080 569 bello,
1108 513 1242 573 quod
1275 520 1378 558 tum
1413 512 1624 573 populus
1657 512 1916 558 Romanus

154 600 282 641 'non
310 585 462 641 modo
493 592 778 652 maximum,
805 592 891 640 sed
930 591 1074 640 etiam
1117 596 1276 640 solum
1312 594 1524 654 gerebat,
1549 591 1753 651 virtutis,
1778 601 1915 654 patre

180 673 470 736 imperatore
506 673 827 721 libentissime
863 672 1095 721 meruisse
1129 672 1339 736 pietatis,
1375 674 1524 721 finem
1560 672 1914 735 stipendiorum

178 755 326 817 patris
350 755 603 803 victoriam
627 771 685 802 ac
711 744 1010 816 triumphum
1035 754 1207 803 fecisse
1232 754 1474 803 felicitatis
1498 755 1599 803 fuit.
1649 754 1913 821 maledicto

180 834 378 897 quidem
403 834 584 900 idcirco
608 834 730 882 nihil
763 834 814 882 in
849 834 982 883 hisce
1017 835 1161 883 rebus
1196 833 1292 883 loci
1327 836 1575 897 est,‘quod
1610 834 1775 883 omnia
1808 835 1913 882 laus

178 901 448 977 occupavit.
533 903 540 908 ’
680 911 684 915 ’
1022 904 1025 908 v

275 1009 341 1044 VI.
414 996 691 1044 saltatorem
737 997 952 1058 appellat
998 997 1040 1043 L
1077 998 1339 1043 Murenam
1382 997 1522 1045 Cato.

177 1084 263 1133 est,
291 1075 330 1123 si
355 1092 463 1129 vere
489 1076 709 1136 obicitur,
734 1076 1038 1125 vehementis
1074 1077 1383 1137 accusatoris,
1411 1077 1485 1132 sin
1520 1079 1657 1143 falso,
1683 1079 1911 1127 maledici

159 1155 527 1219 ¹conviciatoris.
613 1173 761 1219 quare
808 1174 920 1205 cum
958 1157 1068 1224 'ista
1121 1158 1184 1206 sis
1240 1158 1544 1218 auctoritate,
1591 1174 1690 1206 non
1740 1159 1908 1218 debes,

179 1239 362 1296 Marce,
399 1237 607 1300 arripere
645 1237 960 1286 maledictum
1007 1254 1067 1286 ex
1113 1237 1252 1286 trivio
1299 1246 1383 1286 aut
1429 1254 1698 1300 scurrarum
1744 1238 1909 1301 aliquo

177 1315 614 1379 convicio,·neque
654 1327 836 1366 temere
880 1319 1133 1367 consulem
1170 1318 1342 1381 populi
1381 1318 1597 1366 Romani
1629 1320 1909 1370 saltatorem

175 1412 362 1455 vocare,
406 1398 493 1445 sed
539 1398 924 1461 circumspicere,
969 1399 1146 1462 quibus
1193 1409 1447 1462 praeterea
1491 1398 1618 1448 vitiis
1659 1400 1908 1448 adfectum

1079 1522 1108 1561 ii
1129 1531 1295 1574 17—19,
1314 1521 1424 1561 Ovid
1440 1521 1532 1560 fasti
1551 1530 1581 1559 V
1603 1522 1691 1572 338.
1710 1521 1909 1574 Theophr

226 1523 351 1561 Asiae
374 1522 535 1571 nomen]
553 1534 621 1561 see
647 1534 701 1560 on
733 1523 754 1570 ξ
780 1520 829 1570 67
856 1508 998 1560 izomen

1081 1573 1257 1624 α’καιρίας
1294 1576 1347 1614 ad
1385 1575 1454 1615 fin.
1533 1575 1663 1614 Halm
1700 1576 1802 1615 adds
1830 1589 1906 1628 pro

179 1576 353 1614 Catonis.

1594 995 1910 1045 maledictum
1935 1006 1993 1054 13

223 1630 316 1668 laus
321 1659 416 1668 ......
423 1630 632 1668 constituta
671 1628 741 1678 est]
780 1628 849 1667 the
887 1641 999 1667 same

172 1690 245 1733 put
266 1683 306 1720 in
326 1682 512 1722 different
535 1696 658 1733 ways.
734 1683 836 1721 This
870 1682 997 1733 figure

173 1736 206 1775 is
225 1736 356 1775 called
372 1737 568 1787 expolitio.
625 1749 692 1775 see
712 1749 765 1775 on
785 1737 804 1783 ἓ
824 1747 887 1786 55.

223 1790 459 1840 susceptum]
505 1803 605 1841 goes
651 1790 694 1828 in
733 1802 849 1828 sense
896 1790 996 1829 with

166 1842 384 1895 flagitium,
416 1844 661 1894 deportatum
696 1843 794 1881 with
822 1843 991 1882 dedecus.

173 1899 296 1936 Some
321 1903 551 1936 monstrous
574 1897 653 1935 evil
680 1897 785 1935 deed
808 1897 996 1948 wrought

170 1950 211 1988 in
249 1950 363 1996 Asia,
394 1950 463 1990 the
490 1950 655 1990 scandal
684 1950 731 1989 of
760 1950 894 1989 which
923 1951 995 1989 sol-

169 2004 302 2043 lowed
336 2004 423 2043 him
457 2010 499 2043 to
535 2005 681 2043 Rome.
759 2003 850 2042 The
883 2016 995 2043 same

169 2057 410 2100 alternation
430 2057 478 2096 of
499 2058 634 2096 words
653 2070 748 2108 may
765 2058 818 2096 be
837 2070 932 2096 seen
951 2058 994 2096 in

169 2111 253 2150 Tac
274 2112 362 2162 Agl·
381 2123 402 2162 5
425 2125 493 2150 nec
509 2112 672 2150 licenter
688 2124 811 2162 neque
825 2111 996 2171 segniter

167 2164 225 2202 ad
238 2165 452 2216 voluptates
468 2170 506 2204 et
520 2170 757 2204 commeatus
781 2165 863 2203 and
892 2165 991 2204 else-

166 2217 312 2257 where.

218 2271 392 2323 quz'dem]
412 2284 479 2311 see
498 2285 551 2311 on
571 2273 592 2320 ἓ
613 2284 676 2322 23,
698 2271 780 2310 and
800 2285 992 2322 compare

165 2324 235 2363 div
254 2325 296 2364 in
316 2325 454 2365 Caecil
485 2328 505 2375 ἓ
524 2325 575 2376 48
595 2325 642 2364 in
665 2326 878 2364 clamando
905 2327 992 2378 qui-

164 2378 264 2418 dem.

217 2433 435 2483 occupavit]
461 2433 536 2471 has
563 2431 809 2480 forestalled,
835 2432 916 2471 and
944 2445 990 2472 so

164 2483 236 2524 lest
255 2499 309 2524 no
329 2499 443 2533 room
464 2486 526 2525 sor
543 2500 596 2525 an
617 2486 660 2524 ill
680 2486 807 2524 word.

216 2539 257 2578 vi
281 2551 341 2588 13.
396 2540 643 2589 saltatorem]
673 2553 752 2578 one
777 2539 871 2578 who
897 2539 930 2578 is
947 2539 990 2578 in

162 2591 233 2631 the
259 2592 374 2632 habit
401 2593 448 2632 of
470 2594 648 2644 dancing
683 2593 860 2645 (singly).
941 2595 990 2632 ‘a

163 2645 474 2696 stage-dancer‚⁷
504 2651 514 2669 ‘
530 2646 771 2698 harlequin.‘
815 2647 855 2685 A
875 2653 989 2698 great

163 2699 371 2750 reproach.
421 2700 571 2752 Zumpt
591 2700 714 2739 refers
733 2706 776 2739 to
788 2699 830 2738 in
849 2701 985 2739 Pison.

161 2753 183 2800 ἕ
206 2764 268 2799 22,
291 2766 493 2805 quumque
515 2755 594 2805 lpse
617 2754 754 2793 nudus
778 2754 824 2792 in
854 2755 985 2792 convi-

159 2805 224 2844 vio
259 2806 433 2855 saltaret,
475 2808 558 2846 and
587 2807 640 2846 de
678 2807 739 2846 off
776 2817 791 2846 Ι
831 2809 852 2855 ἓ
899 2819 985 2857 150,

164 2867 215 2896 111
244 2859 287 2906 ἓξ
328 2868 387 2909 75,
427 2871 494 2912 93.
570 2861 663 2899 Hor
693 2860 829 2899 Satn
865 2873 879 2899 1
916 2873 980 2910 24,

163 2911 279 2951 Plato
309 2912 459 2952 Menex
489 2911 566 2965 236
596 2914 638 2960 d,
678 2913 773 2953 Xen
808 2913 987 2966 Sympos

1055 2754 1197 2806 fessae.

1047 1647 1050 1651 ·
1078 1630 1205 1668 Deiot
1223 1631 1244 1678 ἓ
1266 1628 1329 1668 26.

1133 1683 1331 1732 maledici]
1357 1682 1427 1722 the
1454 1695 1625 1734 passage
1651 1682 1809 1734 'quoted
1835 1697 1903 1735 ge-

1079 1737 1235 1788 nerally
1254 1737 1295 1775 in
1316 1736 1578 1787 explanation
1598 1736 1646 1775 of
1670 1737 1750 1776 this
1770 1737 1803 1776 is
1829 1750 1904 1788 pro

1079 1790 1220 1829 Caelio
1240 1792 1261 1838 ἓ
1276 1789 1301 1830 6
1313 1790 1434 1829 aliud
1446 1796 1502 1828 est
1519 1791 1623 1829 male
1639 1790 1775 1836 dicere,
1789 1791 1910 1830 aliud

1076 1858 1272 1882 accusare.
1310 1845 1504 1882 accusatio
1523 1845 1676 1882 crimen
1695 1844 1899 1893 desiderat,

1076 1911 1159 1936 rem
1188 1902 1234 1936 ut
1259 1897 1436 1949 definiat,
1475 1897 1675 1936 lzominem
1709 1903 1758 1936 ut
1784 1905 1898 1948 notet,

1074 1957 1309 2002 argumento
1350 1952 1501 2002 probet,
1542 1957 1631 1990 teste
1672 1952 1895 2003 confirmet.

1074 2004 1290 2044 maledictio
1307 2010 1439 2043 autem
1460 2005 1568 2044 nihil
1582 2006 1696 2043 lzabet
1711 2006 1907 2058 propositi

1064 2064 1230 2110 praeter
1254 2059 1547 2106 contumeliam,
1586 2072 1689 2110 quae
1721 2060 1758 2098 sl
1785 2066 1900 2111 petu-

1072 2112 1228 2151 lantius
1254 2113 1441 2159 iactatur,
1470 2113 1705 2161 convicium,
1737 2114 1776 2152 si
1789 2114 1899 2165 face-

1071 2167 1163 2214 tius,
1188 2166 1400 2205 urbanitas
1418 2167 1668 2206 nominatur.
1712 2171 1783 2206 ‘an
1801 2168 1899 2207 abu·

1071 2219 1156 2259 sive
1176 2218 1349 2260 scoffer.’

1126 2274 1283 2322 Marce]
1327 2286 1372 2312 so
1400 2274 1518 2313 Servi
1545 2274 1565 2321 5
1597 2285 1621 2326 9
1650 2280 1725 2322 etc,
1757 2275 1831 2314 but
1868 2275 1899 2315 it

1071 2339 1166 2378 may
1211 2327 1263 2366 be
1309 2327 1443 2366 better
1495 2327 1595 2366 with
1651 2329 1801 2379 Zumpt
1855 2335 1898 2368 to

1071 2380 1213 2419 follow
1261 2390 1318 2419 MS
1364 2381 1454 2431 Lag
1491 2393 1515 2433 9
1555 2381 1597 2419 in
1636 2382 1807 2434 reading
1846 2385 1906 2421 M

1077 2435 1184 2481 Cato,
1219 2447 1262 2473 as
1293 2434 1362 2474 the
1389 2434 1624 2486 familiarity
1642 2436 1690 2475 of
1719 2436 1896 2475 ‘Alarce’

1069 2487 1290 2579 izddressed
1319 2494 1361 2527 to
1397 2489 1501 2528 Cato
1536 2489 1569 2527 is
1604 2495 1646 2528 at
1684 2489 1787 2529 least
1823 2503 1895 2529 un-

1087 2541 1206 2592 ikely.

1123 2594 1311 2644 convicio]
1337 2594 1546 2647 squabble.
1610 2596 1783 2636 ‘set—to.’
1839 2597 1902 2637 Of

1069 2661 1121 2686 an
1163 2648 1371 2700 exchange
1411 2649 1457 2688 of
1490 2650 1626 2689 abuse.
1689 2651 1894 2702 Compare

1067 2714 1144 2752 pro
1173 2702 1327 2741 Archia
1355 2703 1376 2750 ἓ
1409 2715 1453 2741 12
1482 2717 1599 2742 aures
1627 2705 1799 2743 convicio
1828 2705 1891 2744 de-

1273 2756 1367 2794 Hor
1399 2755 1473 2796 Sat
1503 2766 1519 2795 1
1556 2766 1578 2806 5
1620 2769 1667 2806 52
1706 2757 1780 2796 soll
1807 2758 1893 2798 will

1066 2808 1265 2848 illustrate
1302 2809 1379 2848 the‘
1399 2810 1544 2861 vulgar
1574 2809 1728 2863 jesting
1752 2810 1800 2851 of
1821 2811 1892 2852 the

1063 2875 1237 2911 scurrae,
1262 2875 1309 2902 or
1331 2862 1607 2902 ‘diuers-out!
