2054 3120
143 682 205 730 '74

226 92 288 153 93
786 86 935 142 PRO
979 93 1025 140 L
1070 92 1396 142 MURENA
1647 86 1865 158 [xxxv
1890 106 1950 154 73

224 197 453 246 centuriis
497 198 651 247 voluit
691 215 797 247 esse
833 208 880 247 et
913 199 977 246 ad
1017 199 1113 247 hoc
1158 199 1370 247 officium
1404 197 1773 247 necessitudinis
1807 207 1856 247 et
1889 200 1954 247 ad

224 277 463 339 reliquum
498 287 691 340 tempus
725 279 976 340 gratiosus,
1014 278 1063 326 id
1099 278 1186 326 erit
1222 278 1326 326 eius
1359 278 1530 327 vitrico
1564 279 1719 326 fraudi
1753 289 1836 327 aut
1870 273 1957 326 cri-

226 354 359 415 mini,
395 373 502 415 nec,
552 357 591 405 si
625 357 760 419 virgo
795 357 1022 416 Vestalis,
1070 358 1212 405 huius
1258 357 1533 420 propinqua
1573 367 1620 406 et
1666 359 1950 416 necessaria,

226 438 390 484 locum
414 453 555 485 suum
578 437 917 499 gladiatorium
953 437 1196 486 concessit
1229 437 1358 495 huie,
1394 454 1496 486 non
1530 447 1579 486 et
1612 438 1694 486 illa
1727 438 1807 501 pie
1841 438 1955 486 fecit

228 526 276 565 et
310 517 390 565 hic
425 535 455 566 a
488 510 634 580 culpa
669 528 742 567 est
775 529 1005 567 remotus.
1093 518 1260 566 omnia
1292 520 1416 567 haec
1451 529 1561 567 sunt
1598 519 1757 567 officia
1790 535 1956 568 neces·

227 596 474 653 sariorum,
499 600 762 646 commoda
785 598 1074 657 tenuiorum,
1101 600 1269 646 munia
1292 599 1677 647 candidatorum.
1758 583 1762 587 ⁴

326 689 376 749 at
405 679 534 728 enim
573 679 672 742 agit
706 696 901 727 mecum
929 688 1119 728 austere
1152 689 1200 727 et
1232 679 1383 728 stoice
1417 682 1572 728 Cato:
1613 688 1759 741 negat
1788 696 1954 727 verum

227 777 334 809 esse
369 760 515 808 adlici
547 760 942 809 benevolentiam
978 760 1104 819 cibo,
1152 770 1299 822 negat
1343 759 1576 807 iudicium
1616 759 1871 807 hominum
1905 760 1955 807 in

225 839 582 902 magistratibus
606 839 898 888 mandandis
923 839 1166 902 corrumpi
1189 839 1522 902 voluptatibus
1541 848 1776 901 oportere.
1825 855 1954 901 ergo,

226 911 291 969 ad
349 937 521 969 cenam
578 920 827 982 petitionis
885 937 1032 968 causa
1089 921 1130 968 si
1187 920 1294 982 quis
1350 930 1507 979 vocat,
1567 921 1958 968 condemnetur?

229 999 466 1062 ‘quippe’
501 999 690 1061 inquit3
740 1003 818 1047 ‘tu
853 999 972 1047 mihi
1007 1016 1252 1047 summum
1298 999 1567 1061 imperium.
1618 1008 1669 1047 tu
1715 1015 1955 1047 summam

228 1079 580 1138 auctoritatem,
609 1089 660 1128 tu
684 1081 1014 1142 gubernacula
1046 1081 1115 1128 rei
1149 1080 1375 1143 publicae
1397 1090 1536 1143 petas
1560 1079 1782 1128 fovendis
1805 1079 1957 1128 homi-

152 1153 158 1156 ’
227 1176 348 1207 num
372 1159 594 1208 sensibus
613 1169 667 1208 et
691 1147 994 1218 deleniendis
1017 1160 1190 1208 animis
1216 1169 1264 1208 et
1287 1160 1578 1209 adhibendis
1595 1160 1959 1221 voluptatibus?

228 1249 390 1287 utrum
425 1239 738 1298 lenocinium,
774 1239 944 1302 inquit,
971 1257 1000 1287 a
1022 1256 1167 1302 grege
1192 1240 1428 1288 delicatae
1452 1239 1715 1288 iuventutis
1739 1256 1802 1287 an
1827 1239 1956 1287 orbis

229 1327 459 1366 terrarum
505 1318 761 1381 imperium
807 1336 836 1367 a
880 1321 1066 1382 populo
1114 1322 1344 1368 Romano
1389 1320 1648 1382 petebas?’
1716 1317 1958 1366 horribilis

282 1512 488 1562 centuriis]
509 1512 623 1552 there
641 1525 747 1552 were
771 1508 817 1551 18
839 1511 886 1551 of
903 1513 1055 1563 equites.

284 1566 590 1615 necessitudinis]
629 1566 699 1605 the
734 1566 886 1604 service
922 1565 1058 1605 which

230 1618 294 1658 his
306 1619 414 1658 close
427 1620 654 1658 connexion
666 1619 907 1658 demanded.
934 1619 1055 1657 Com-

230 1686 328 1724 pare
343 1673 413 1711 div
426 1673 468 1711 in
485 1673 591 1712 Caec
606 1675 627 1720 g
647 1685 707 1721 14,
719 1685 795 1723 pro
810 1672 935 1711 Plane
953 1675 973 1720 ἓ
991 1682 1053 1721 25,

1134 1511 1206 1550 bus
1261 1511 1479 1551 Vestalibus
1526 1512 1656 1550 locum
1700 1511 1747 1550 in
1792 1511 1954 1558 theatro,

1134 1566 1348 1668 ,ςεχέινιίίίφη
1359 1571 1395 1604 et
1406 1570 1543 1604 contra
1549 1565 1751 1617 praetoris
1762 1565 1958 1610 tribunal,

1137 1619 1183 1658 de
1209 1618 1243 1657 it

1189 1671 1397 1720 muniaJ‘
1410 1671 1595 1717 services,
1599 1670 1610 1689 '
1650 1667 1909 1717 ‘functionsss
1936 1683 1961 1709 a

230 1739 305 1776 pro
322 1726 445 1773 Sest§
462 1739 508 1765 10
519 1727 690 1776 officium
702 1726 933 1765 vicinitatis.
972 1726 1056 1765 For

229 1779 406 1831 genitive
426 1793 492 1818 see
511 1793 565 1818 on
583 1782 604 1828 ἓ
631 1791 664 1818 1.

283 1833 343 1871 ad
365 1833 562 1884 reliquum
590 1832 756 1883 tempus]
786 1844 829 1871 sc
852 1831 1057 1883 petitionis

230 1886 451 1925 Murenae.
476 1887 639 1937 Zumpt,
655 1886 790 1925 which
804 1899 934 1924 seems
953 1898 1054 1924 non-

231 1952 360 1984 sense,
381 1939 455 1978 but
483 1940 515 1978 it
541 1940 576 1977 is
604 1939 705 1977 hard
735 1945 777 1978 to
805 1952 871 1978 see
894 1939 1005 1977 what
1024 1939 1056 1977 it

231 1993 331 2031 does
358 2005 489 2031 mean.
570 1992 751 2043 Perhaps
788 1991 937 2043 simply
969 1991 1062 2030 ‘for

232 2046 301 2084 the
321 2044 482 2093 future,'
501 2045 515 2083 i
540 2058 563 2084 e
583 2046 681 2083 with
708 2058 760 2083 an
781 2058 854 2095 eye
873 2051 916 2083 to
934 2045 1056 2083 need-

233 2099 304 2150 ing
333 2098 439 2137 their
470 2105 641 2150 support
673 2111 750 2137 one
780 2099 859 2148 day
883 2097 1055 2136 himself.

234 2152 438 2203 Compare
456 2152 524 2190 div
538 2152 581 2189 in
601 2152 738 2190 Caecil
752 2153 772 2199 ἓ
785 2161 829 2201 71
852 2151 924 2202 qui
941 2163 1063 2201 neque

234 2205 298 2244 uti
331 2205 478 2256 reliqui
507 2205 692 2256 temporis
720 2211 827 2256 spem
855 2205 1063 2256 confirmet

231 2259 396 2298 laborat.

279 2311 530 2364 propinqua]
574 2310 752 2363 perhaps
799 2324 824 2351 a
876 2310 1053 2351 Licinia.

235 2365 378 2404 Halm.

282 2418 592 2470 gladiatorium]
626 2431 819 2469 compare
851 2430 927 2469 pro
966 2417 1059 2457 Sest

243 2473 265 2519 ἓ
291 2483 367 2521 124
392 2485 568 2510 consessu
581 2471 835 2522 gladiatorio.
891 2472 1055 2522 Zumpt,

235 2525 330 2564 who
366 2525 505 2564 thinks
540 2525 628 2564 that
666 2525 736 2564 the
778 2524 914 2576 places
954 2537 1061 2564 were

236 2579 353 2618 those
375 2578 477 2629 kept
506 2578 570 2616 for
601 2577 656 2616 all
685 2578 755 2617 the
786 2580 848 2616 six
879 2577 1054 2618 Vestals.

235 2631 328 2671 The
352 2631 582 2682 conjecture
604 2630 898 2682 gladiatoribus
925 2630 959 2670 is
983 2644 1058 2669 un-

236 2698 462 2736 necessary.
535 2684 636 2723 Add
671 2697 747 2735 pro
780 2684 875 2723 Sest
909 2684 930 2731 §
970 2692 1057 2731 115.

237 2739 337 2787 [See
364 2738 463 2778 Suet
482 2738 580 2788 Aug
597 2751 648 2787 44
652 2737 828 2788 feminis·
845 2750 896 2775 ne
904 2737 1058 2788 gladio-

237 2798 336 2830 tores
353 2791 522 2842 quidem,
545 2804 640 2843 quos
648 2790 874 2841 promiscue
894 2789 1065 2840 spectari

238 2845 421 2883 sollemne
449 2844 544 2883 olim
568 2849 665 2893 erat,
697 2843 780 2883 nisi
802 2856 851 2881 ex
864 2844 1063 2893 superiore

237 2898 318 2938 loco
347 2903 515 2950 spectare
539 2897 727 2937 concessit.
770 2896 863 2936 solis
890 2896 1060 2948 virgini-

1136 1738 1226 1764 rare
1252 1726 1366 1763 word
1393 1725 1434 1763 in
1465 1725 1622 1770 Cicero,
1642 1725 1716 1763 but
1740 1724 1887 1763 sound
1885 1737 1960 1775 pro

1138 1779 1269 1825 Sest§
1292 1779 1380 1828 138.
1439 1778 1580 1816 Halm.

1140 1842 1245 1924 00⁷3
1269 1829 1962 1934 Z‘Lssusslsscrifisst''1‘1f?³‘§'3⁵‚⁰{5‘}{¹‘

1139 1939 1233 1977 Aen
1248 1898 1320 1975 lim
1341 1937 1431 1989 694,
1458 1938 1551 1976 Hor
1570 1897 1664 1988 {pp
1685 1947 1700 1977 1
1719 1949 1739 1986 7
1760 1897 1834 1988 9533.

1193 1991 1378 2043 quippe]
1368 2004 1410 2029 111
1439 2004 1660 2030 answers=
1671 1990 1802 2029 ‘what
1820 1987 1959 2029 then?'

1139 2046 1155 2083 i
1175 2058 1197 2083 e
1221 2044 1450 2095 ‘certainly‚
1458 2043 1468 2061 '
1495 2046 1562 2082 ‘to
1581 2044 1633 2082 be
1652 2041 1772 2082 sure)
1838 2043 1959 2082 Com·

1140 2111 1239 2149 pare
1257 2110 1332 2149 pro
1357 2098 1465 2137 Caec
1484 2099 1504 2145 ἓ
1522 2107 1584 2147 55,
1606 2097 1659 2135 de
1678 2097 1734 2134 fin
1750 2106 1781 2134 V
1794 2098 1815 2144 ἕ
1828 2097 1892 2146 84,
1912 2105 1960 2133 lv

1141 2153 1162 2199 ξ
1193 2160 1228 2200 7.
1286 2151 1432 2190 Festus
1461 2164 1488 2202 p
1524 2160 1598 2201 257
1630 2163 1720 2200 says
1756 2149 1845 2188 that
1876 2149 1955 2188 it:

1140 2204 1299 2256 quidni.
1356 2204 1434 2244 See
1454 2203 1675 2266 Appendix
1695 2203 1743 2242 C.

1195 2263 1240 2296 tu
1245 2288 1342 2297 ......
1348 2258 1409 2306 tu]
1447 2257 1510 2295 for
1538 2257 1607 2296 the
1641 2255 1823 2306 ἀναφορὰ
1852 2267 1960 2294 com-

1142 2323 1240 2363 pare
1259 2311 1368 2350 Tusc
1386 2310 1479 2362 disp
1499 2319 1529 2348 v
1548 2312 1567 2357 ἓ
1588 2319 1624 2358 5.
2043 2331 2054 2353 ι,

1195 2364 1314 2412 milzz]
1332 2364 1404 2403 dat
1421 2364 1589 2402 ethicus.
1646 2362 1881 2412 Compare§
1898 2372 1956 2409 13.
2026 2358 2054 2403 *i

1185 2418 1359 2468 petasJ‘
1366 2430 1435 2456 are
1460 2429 1542 2467 you
1568 2421 1611 2454 to
1637 2416 1691 2454 be
1718 2415 1892 2453 allowed
1920 2422 1963 2453 to
2030 2404 2054 2466 f

1141 2469 1284 2510 seek?'
1293 2501 1388 2510 ......
1394 2469 1566 2519 Madvig
1583 2471 1604 2516 ἓ
1625 2479 1702 2519 353
1721 2474 1864 2519 quotes
1883 2468 1958 2507 Tei
2025 2473 2054 2529 3

1144 2525 1238 2563 Hec
1254 2533 1303 2562 1v
1324 2535 1345 2561 2
1370 2535 1416 2572 13
1444 2535 1492 2562 ex
1518 2522 1615 2561 urbe
1640 2535 1714 2560 rus
1738 2526 1783 2560 tu
1808 2520 1960 2560 habita·
2030 2530 2054 2570 ²¹.ss

1142 2583 1231 2616 tum
1253 2576 1428 2627 migres?
2021 2576 2054 2614 “³

1195 2629 1394 2678 delicatae]
1414 2641 1604 2679 compare
1623 2628 1676 2667 ad
1698 2627 1774 2666 Att
1793 2636 1810 2666 1
1826 2638 1882 2687 19
1901 2625 1923 2673 ἓ
1939 2627 1963 2664 8
2023 2647 2027 2656 ι

1141 2683 1374 2723 libidinosae
1388 2687 1425 2720 et
1439 2682 1623 2720 delicatae
1635 2679 1861 2720 iuvmtutzk.
2031 2718 2034 2719 γ

1193 2735 1452 2784 horribilis-J‘
1467 2733 1619 2782 awful,'
1648 2733 1748 2773 with
1775 2730 1963 2772 sarcastic
1986 2684 2021 2763 l

1141 2789 1298 2829 1101101.
1354 2789 1560 2839 Compare
1589 2764 1727 2827 ’Catull
1746 2794 1831 2825 XIV
1853 2798 1900 2826 12
1918 2784 1966 2828 di

1143 2842 1296 2892 magni,
1342 2842 1570 2882 horribilem
1603 2845 1641 2880 et
1668 2852 1830 2879 sacrum
1857 2837 1985 2878 li-bel·

1141 2897 1241 2936 lum.
1414 2908 1417 2914 =
