2054 3120
57 1351 59 1353 ·
122 1337 242 1380 esse,
279 1320 330 1369 id
365 1320 593 1369 indicare.

118 91 322 141 xxxn
351 86 434 153 68]
671 82 821 137 PRO
865 88 910 135 L
958 86 1287 135 MURENA
1796 101 1856 149 93

118 214 230 248 cum
265 196 548 246 criminibus
595 195 726 258 ipsis.
799 195 920 259 quid
955 211 1170 255 accusas,
1211 197 1373 244 Cato?
1421 193 1538 257 quid
1589 195 1747 242 adfers
1794 194 1859 242 ad

119 275 388 326 iudicium?
429 275 548 338 quid
579 275 775 339 arguis?
811 274 1050 324 ambitum
1086 290 1314 323 accusas:
1353 290 1454 322 non
1480 274 1706 323 defendo.
1777 289 1858 322 me

119 356 447 420 reprehendis,
479 357 612 419 quod
649 357 781 406 idem
816 357 1095 415 defendam,
1134 355 1218 418 qui
1253 357 1359 418 lege
1384 354 1653 417 punierim:
1688 354 1858 417 punivi

119 436 512 499 ambitum,¹non
550 437 897 496 innocentiam,
947 437 1185 485 ambitum
1221 452 1336 484 vero
1375 435 1535 497 ipsum
1571 437 1649 484 vel
1694 444 1858 484 tecum
1911 468 1917 477 ι

118 518 395 577 accusabo„
424 518 463 566 si
498 519 649 566 voles.
719 517 882 565 dixisti
930 525 1127 565 senatus
1175 516 1453 564 consultum
1500 531 1579 563 me
1620 515 1858 564 referente

121 614 226 647 esse
251 600 472 654 factum:
521 598 566 647 si
601 598 868 647 mercede
916 597 1146 646 obviam
1193 596 1526 646 candidatis
1572 596 1771 655 issent,
1811 595 1859 644 si

121 680 399 729 conducti
420 688 814 739 sectarentur,
851 679 896 727 si
931 678 1359 742 gladiatoribus
1383 679 1547 726 locus
1572 676 1855 737 tributim,

119 760 256 810 item
292 759 535 822 prandia
570 759 616 808 si
650 760 823 822 vulgo
862 767 1057 807 essent
1095 759 1242 819 data,
1283 766 1482 806 contra
1518 758 1698 819 legem
1737 758 1859 805 Cal-

120 840 386 903 purniam
433 829 650 887 factum
696 838 895 908 videri.
983 855 1098 901 ergo
1145 837 1214 886 ita
1259 847 1458 886 senatus
1512 828 1625 898 nisiv
1658 836 1855 894 iudicat,

121 929 292 970 contra
325 921 480 982 legem
518 920 652 967 facta·
692 920 815 967 haec
850 918 1018 979 videri,
1056 918 1096 966 si
1130 920 1258 967 facta
1293 917 1403 976 sint,
1453 917 1670 966 decernit
1722 918 1858 979 quod

121 1000 241 1050 nihil
277 1017 401 1063 opus
437 1007 525 1054 est,
561 1000 681 1047 dum
716 998 989 1047 candidatis
1025 1015 1214 1047 morem
1248 998 1400 1060 gerit3
1435 1014 1548 1045 nam
1582 999 1765 1045 factum
1797 997 1858 1046 sit

12 1090 22 1099 '⁴
75 1128 77 1130 ,
121 1096 292 1140 necne,
317 1080 634 1129 vehementer
658 1079 936 1142 quaeritur:
974 1079 1014 1127 si
1048 1081 1232 1127 factum
1258 1077 1332 1138 sit,
1360 1078 1480 1140 quin
1504 1088 1675 1126 contra
1698 1079 1857 1140 legem

121 1160 196 1219 sit,
243 1159 466 1209 dubitare
511 1176 661 1208 nemo
707 1168 884 1222 potest.
972 1168 1045 1208 est
1091 1158 1236 1222 igitur
1280 1158 1551 1217 ridiculum,
1601 1158 1737 1220 quod
1786 1167 1858 1206 est
1874 1162 1940 1209 ’68

122 1240 338 1299 dubium,
375 1240 427 1288 id
460 1240 732 1302 relinquere
767 1240 1035 1290 incertum:
1072 1241 1207 1302 quod
1239 1238 1423 1288 nemini
1458 1238 1661 1287 dubium
1697 1247 1860 1302 potest
1902 1232 1904 1234 ¹

666 1329 813 1382 atque
848 1320 899 1369 id
934 1319 1211 1369 decernitur
1245 1319 1476 1368 omnibus
1499 1319 1859 1382 postulantibus

122 1400 407 1461 candidatis,
432 1410 486 1449 ut
521 1418 580 1450 ex
615 1410 810 1449 senatus
846 1403 1070 1450 consulto
1106 1417 1267 1463 neque
1303 1400 1440 1449 cuius
1476 1401 1661 1449 intersit
1696 1417 1859 1464 neque

122 1491 292 1532 contra
328 1499 476 1545 quem
512 1481 823 1544 sit‘intellegi
864 1482 1031 1545 possit.
1115 1498 1264 1543 quare
1313 1483 1453 1542 doce,
1491 1499 1520 1530 a
1568 1483 1609 1529 L
1646 1484 1859 1530 Murena

122 1563 204 1611 illa
237 1579 343 1612 esse
378 1562 639 1611 commissa
654 1580 669 1623 3
703 1555 808 1611 tum
844 1571 1040 1626 egomet
1074 1562 1163 1611 tibi
1198 1571 1369 1611 contra
1404 1563 1561 1625 legem
1597 1564 1860 1612 commissa

125 1659 229 1692 esse
254 1644 536 1692 concedam.

177 1750 336 1783 senatus
371 1743 613 1792 consultum]
647 1744 716 1783 the
745 1744 883 1795 sequel
912 1743 959 1783 of
1025 1745 1276 1792 candidatus,
1294 1745 1428 1783 which
1446 1753 1487 1784 to
1503 1759 1567 1784 me
1581 1758 1711 1784 seems
1724 1745 1853 1785 weak.

125 1798 259 1838 which
277 1812 360 1838 was
388 1799 457 1837 the
484 1799 550 1837 lex
576 1799 725 1838 Tullia.
789 1799 867 1838 See
896 1811 951 1836 on
1032 1800 1109 1837 See
1141 1799 1228 1837 also
1260 1800 1281 1846 ξ
1312 1810 1362 1848 47
1394 1800 1575 1838 concessit
1596 1799 1863 1850 postulationi

125 1854 168 1901 §5
186 1851 251 1902 46,
271 1862 334 1902 47.
1029 1858 1129 1890 tuae.
1189 1852 1279 1891 The
1307 1865 1417 1891 same
1445 1853 1576 1891 editor
1603 1853 1720 1892 reads
1747 1853 1784 1891 si
1801 1853 1860 1891 in-

172 1905 482 1957 gladz'atoribus]
522 1912 563 1945 at
597 1906 666 1945 the
693 1904 951 1957 gl‘adiatorial

119 1959 268 1999 shows.
331 1960 535 2011 Compare
559 1960 651 1998 Phil
672 1962 762 2008 1x§
788 1958 834 1998 16
863 1961 954 2010 (Ser

125 2013 303 2064 Sulpicio
337 2018 514 2052 statuam
549 2014 690 2063 statui)
727 2014 954 2064 circumque

125 2079 211 2105 eam
228 2072 406 2106 statuam
432 2068 560 2106 locum
589 2068 696 2106 ludis
715 2067 951 2117 gladzatorz‘-

127 2121 270 2172 busque
285 2121 420 2159 liberos
429 2126 676 2172 posterosque
699 2122 783 2159 eius
800 2134 952 2172 quoquo

126 2187 261 2212 versus
270 2175 383 2225 pedes
393 2176 569 2227 quinque
580 2176 729 2214 habere.
782 2175 953 2225 Madvig

127 2229 149 2276 ἕ
167 2227 257 2278 276,
280 2228 354 2267 obs
375 2241 409 2268 2.

128 2333 149 2373 f
170 2281 302 2373 l{ocus}
331 2295 373 2321 sc
391 2286 484 2320 esset
495 2282 625 2331 datus,
645 2282 833 2334 supplied
848 2281 951 2320 from

145 2347 169 2374 o
201 2365 210 2374 .

180 2388 314 2440 vulgo]
342 2402 533 2441 compare
554 2390 574 2437 ἕ
600 2400 620 2439 7
629 2400 662 2437 3.

186 2442 472 2493 Calpurniam]
501 2456 567 2482 see
588 2456 641 2482 on
660 2444 679 2490 ξ
699 2441 761 2492 46.

181 2495 281 2544 nisi]
307 2509 353 2536 so
382 2497 532 2548 Zumpt
565 2497 669 2536 from
701 2507 759 2535 MS
794 2497 884 2548 Lag
913 2509 950 2549 9,

128 2549 209 2597 and
229 2549 308 2589 this
335 2551 503 2602 reading
529 2551 649 2589 alone
677 2563 806 2589 seems
826 2557 869 2590 to
887 2563 954 2589 me

129 2609 172 2640 to
193 2615 344 2654 convey
359 2617 485 2643 sense.
547 2604 690 2643 Either
707 2604 760 2654 (a)
775 2604 872 2655 they
884 2604 951 2643 de-

129 2655 218 2694 cide
237 2655 325 2695 that
344 2658 495 2696 certain
513 2658 710 2709 practices
735 2670 803 2696 are
831 2664 874 2696 to
901 2658 954 2696 be

129 2708 226 2748 held
254 2709 404 2761 illegal,
435 2724 480 2750 or
509 2711 563 2761 (b)
592 2712 643 2751 its
671 2711 891 2751 resolution
919 2712 953 2750 is

129 2763 347 2815 purposely
364 2764 461 2803 void
489 2764 535 2803 of
555 2765 757 2816 meaning,
788 2778 813 2804 a
838 2765 954 2816 piece

54 2851 55 2854 ,
128 2815 178 2854 of
198 2816 315 2855 weak
343 2818 578 2857 concession
605 2825 648 2858 to
675 2818 745 2858 the
777 2818 955 2870 wealthy

131 2868 233 2908 class
264 2869 424 2921 (chiefly
452 2878 643 2921 senators,
677 2885 743 2911 see
771 2884 825 2911 on
844 2873 865 2920 ἕ
885 2873 953 2922 47)

130 2921 224 2962 who
255 2924 373 2963 stand
405 2923 467 2963 for
496 2924 622 2964 office.
681 2924 811 2964 Halm
840 2926 957 2966 reads

1030 1906 1144 1944 stead
1176 1905 1223 1944 of
1249 1906 1356 1947 nisi:
1384 1906 1452 1945 the
1482 1919 1651 1958 passage
1677 1907 1711 1946 is
1740 1907 1859 1946 muti-

1030 1960 1140 1998 lated
1160 1959 1202 1998 in
1221 1959 1289 1998 the
1310 1970 1403 1999 MSS.

1086 2014 1122 2051 si
1135 2014 1300 2064 factum
1325 2014 1393 2062 sit]
1424 2013 1493 2052 the
1522 2013 1609 2064 subj
1637 2014 1748 2054 hints
1771 2014 1860 2054 that

1033 2066 1102 2105 the
1136 2067 1282 2118 charge
1315 2068 1474 2119 against
1513 2068 1687 2107 Murena
1719 2068 1753 2108 is
1785 2075 1859 2108 not

1031 2127 1130 2159 true.
1192 2121 1352 2173 Zumpt.
1413 2122 1490 2162 See
1515 2122 1686 2173 Madvig
1713 2124 1734 2170 ξ
1764 2132 1853 2173 347,

1032 2175 1113 2213 and
1134 2187 1323 2226 compare
1343 2177 1363 2223 ἓ
1385 2174 1434 2215 68
1453 2176 1490 2214 si
1508 2189 1588 2214 non
1599 2176 1762 2226 possim.

1089 2227 1141 2267 68
1206 2229 1401 2278 indicare]
1474 2229 1619 2268 ‘make
1674 2228 1859 2277 known,’

1039 2282 1255 2332 ‘publish.’
1310 2281 1494 2334 Zumpt's
1527 2282 1672 2335 simple
1706 2296 1857 2323 correc-

1032 2335 1119 2374 tion
1141 2335 1188 2374 of
1203 2346 1285 2374 MSS
1307 2337 1492 2376 iudicare.
1556 2337 1760 2388 Compare
1788 2338 1861 2376 Ti-

1032 2402 1171 2428 maeus
1190 2403 1211 2428 c
1232 2390 1259 2428 ii
1278 2390 1460 2429 invenire
1485 2390 1641 2440 difficile
1665 2396 1708 2439 et,
1733 2405 1858 2442 quum

1032 2444 1116 2481 iam
1160 2443 1372 2492 inveneris,
1394 2479 1396 2482 ,
1415 2444 1597 2483 indicare
1631 2445 1675 2483 in
1714 2446 1861 2496 vulgus

1030 2510 1059 2535 n
1098 2510 1153 2535 as.

1032 2496 1286 2599 [domnibus]
1328 2551 1410 2590 and
1444 2550 1586 2600 hence,
1623 2551 1680 2607 by
1711 2552 1862 2604 simply

1033 2606 1205 2655 quoting
1226 2604 1269 2651 it,
1294 2604 1407 2643 there
1435 2605 1468 2644 is
1496 2619 1551 2644 no
1579 2606 1861 2657 presumption

1033 2658 1164 2696 raised
1183 2657 1271 2697 that
1291 2658 1464 2698 Murena
1482 2659 1554 2698 did
1576 2672 1656 2711 any
1676 2659 1722 2698 of
1745 2659 1861 2699 those

1034 2711 1182 2762 things.

1088 2765 1175 2803 doce
1179 2796 1274 2805 ......
1280 2770 1367 2804 tum
1387 2765 1608 2814 concedam]
1629 2778 1675 2806 so
1694 2766 1745 2805 de
1773 2765 1860 2818 imp

1037 2818 1102 2858 Cn
1137 2818 1268 2870 Pomp
1296 2819 1317 2865 ἓ
1347 2820 1396 2867 38
1434 2820 1702 2859 recordamini
1707 2851 1857 2860 .........

1034 2877 1122 2910 tum
1158 2873 1345 2912 statuetis.
1426 2873 1631 2925 Compare
1669 2874 1757 2912 doce
1761 2904 1857 2914 ......

1034 2926 1240 2965 concedam
1259 2926 1302 2966 in
1323 2927 1344 2975 §
1369 2935 1431 2978 70.
