2054 3120
108 108 280 156 XXVI
307 102 400 172 52]
668 106 817 155 PRO
861 106 907 152 L
953 104 1280 153 MURENA
1789 114 1849 161 79

109 215 280 275 debile,
307 214 498 276 infirmo
522 213 695 279 capite,
719 215 924 263 alterum
948 214 1153 273 firmum,
1181 211 1285 260 sine
1310 210 1470 274 capite
1493 228 1502 258 :
1538 208 1665 267 huic,
1703 207 1743 256 si
1784 207 1851 257 ita

110 297 171 346 de
195 311 246 344 se
269 294 495 343 meritum
521 303 662 353 esset,
697 302 844 356 caput
869 309 919 342 se
944 293 1056 341 vivo
1079 309 1181 341 non
1207 293 1498 340 defuturum.
1570 288 1853 352 congemuit

110 385 304 426 senatus
339 377 566 438 frequens
590 392 751 438 neque
776 386 943 423 tamen
980 373 1094 422 satis
1131 390 1294 422 severe
1331 389 1419 436 pro
1455 371 1524 420 rei
1560 370 1850 433 indignitate

110 455 322 507 decrevit
332 473 345 515 3
368 445 485 503 nam
509 455 684 519 partim
710 455 822 504 ideo
848 457 994 503 sortes
1020 447 1069 502 in
1095 454 1407 502 decernendo
1432 468 1534 500 non
1559 460 1710 509 erant,
1735 449 1851 512 quia

87 535 230 586 ‘nihil
264 537 516 595 timebant,
554 536 745 599 partim,
795 535 910 598 quia
943 535 1195 583 timebant.
1270 543 1372 582 tum
1419 531 1577 594 erupit
1612 548 1640 580 e
1676 539 1848 579 senatu

111 616 411 678 triumphans
434 616 628 678 gaudio,
655 632 799 678 quem
827 613 1029 663 omnino
1053 613 1217 662 vivum
1243 612 1376 660 illinc
1408 611 1536 659 exire
1573 626 1674 657 non
1711 625 1851 671 opor-

111 706 277 755 tuerat,
304 696 584 759 praesertim
609 713 722 744 cum
748 695 878 744 idem
903 695 982 743 ille
1007 695 1057 742 in
1082 696 1260 743 eodem
1285 693 1455 741 ordine
1479 684 1650 754 paucis
1675 689 1847 738 diebus

111 787 223 826 ante
250 777 441 835 Catoni,
468 776 728 834 fortissimo
752 776 868 834 viro,
896 775 1129 824 iudicium
1167 772 1410 822 minitanti
1445 788 1503 820 ac
1538 769 1850 820 denuntianti

110 856 454 919 respondisset,
479 856 519 905 si
543 858 678 918 quod
713 865 840 904 esset
875 856 926 903 in
960 872 1071 904 suas
1107 857 1326 909 fortunas
1362 851 1646 901 incendium
1675 850 1851 899 excita-

4 961 90 1009 νιν
111 946 232 998 tum,
268 937 318 986 id
354 954 404 985 se
439 953 541 985 non
577 953 718 999 aqua,
757 938 844 985 sed
868 936 1006 984 ruina
1030 935 1382 984 restincturum.
1454 947 1595 981 XXVI.
1646 931 1850 979 histum
1876 938 1936 985 52

95 1019 252 1075 ,rebus
290 1026 580 1077 commotus,
625 1027 674 1066 et
711 1019 846 1080 quod
884 1017 1107 1066 homines
1146 1017 1242 1065 iam
1281 1026 1384 1064 tum
1422 1015 1701 1063 coniuratos
1737 1031 1850 1062 cum

111 1098 282 1159 gladiis
318 1098 368 1146 in
403 1115 633 1160 campum
669 1098 849 1147 deduci
883 1115 913 1146 a
949 1098 1162 1148 Catilina
1197 1098 1426 1155 sciebam,
1465 1095 1701 1145 descendi
1737 1113 1850 1144 cum

111 1178 388 1227 firmissimo
435 1165 680 1240 praesidio
727 1179 1098 1228 fortissimorum
1134 1179 1346 1227 virorum
1384 1187 1432 1227 et
1479 1194 1591 1225 cum
1633 1177 1715 1225 illa
1753 1179 1851 1225 lata

112 1257 386 1320 insignique
419 1258 580 1318 lorica,
619 1275 721 1307 non
758 1276 881 1321 quae
914 1276 993 1308 me
1026 1259 1457 1322 tegeret—etenim
1481 1258 1697 1307 sciebam
1723 1258 1853 1308 Cati-

113 1338 263 1385 linam
298 1354 401 1386 non
441 1340 565 1387 latus
605 1349 691 1392 aut
735 1348 969 1408 ventrem,
1019 1341 1106 1389 sed
1153 1350 1299 1403 caput
1357 1350 1404 1389 et
1462 1341 1642 1388 collum
1696 1341 1850 1388 solere

113 1428 358 1481 petere—,
394 1436 561 1468 verum
598 1412 651 1468 u't
686 1437 858 1469 omnes
893 1420 1014 1469 boni
1047 1421 1502 1481 animadverterent,
1552 1430 1614 1481 et,
1652 1438 1764 1469 cum
1800 1420 1851 1468 in

168 1587 245 1634 ita]
289 1599 333 1626 so
365 1600 407 1625 as
436 1593 478 1626 to
507 1587 628 1626 make
656 1587 688 1626 it
720 1587 848 1626 worth
878 1587 942 1628 his

115 1640 237 1679 while
257 1647 298 1678 to
320 1647 391 1691 put
410 1641 578 1679 himself
592 1647 633 1679 at
653 1641 758 1680 their
777 1642 894 1680 head.

167 1693 351 1742 decrevit]
402 1694 522 1742 what,
575 1707 638 1733 we
684 1695 809 1733 know
853 1701 940 1734 not.

115 1747 261 1786 Cicero
298 1759 428 1786 seems
465 1754 507 1786 to
540 1747 644 1786 have
675 1748 834 1787 desired
872 1749 942 1787 the

115 1800 225 1851 early
249 1800 444 1839 bestowal
467 1801 514 1839 of
538 1801 606 1839 the
634 1814 773 1852 power
801 1802 848 1852 of
871 1803 941 1841 life

114 1853 195 1892 and
241 1853 364 1892 death
400 1854 456 1905 by
493 1854 562 1893 the
600 1855 744 1894 decree
781 1856 943 1894 videant

113 1908 287 1946 consules
306 1913 382 1955 ete,
406 1920 474 1946 see
503 1921 557 1946 on
582 1910 603 1956 ξ
631 1907 670 1946 6.
728 1909 829 1947 This
858 1923 941 1948 was

113 1966 186 1999 not
214 1961 320 1999 done
347 1961 452 1999 until
481 1961 661 2000 Manlius
697 1961 780 2000 had
809 1963 942 2001 raised

114 2014 184 2052 the
221 2014 413 2053 standard
439 2014 487 2054 of
518 2015 648 2054 revolt
685 2015 728 2053 in
759 2016 935 2066 Etruria,

117 2066 203 2106 Sall
224 2068 301 2106 Cat
323 2080 383 2120 29.

168 2120 278 2159 nihil
305 2121 513 2170 timebant]
555 2121 607 2161 ie
641 2122 738 2174 they
767 2123 940 2175 thought

116 2173 184 2213 the
217 2175 370 2225 danger
397 2177 679 2226 exaggerated.
736 2176 936 2226 timebant,

115 2240 220 2267 were
239 2241 424 2276 nervom,
448 2230 530 2267 and
549 2229 677 2268 hence
696 2231 920 2269 irresolute.

169 2282 274 2330 tum]
315 2281 439 2321 Sorof
479 2296 597 2333 urges
645 2283 732 2323 that
779 2297 823 2323 as
861 2284 940 2323 this

117 2333 374 2385 conjunction
414 2336 496 2375 has
529 2337 634 2375 been
678 2338 778 2375 used
823 2338 941 2377 twice

113 2387 196 2438 just
245 2388 388 2434 above,
440 2402 503 2428 we
551 2395 662 2429 want
709 2391 942 2443 something

118 2453 229 2480 more
247 2441 414 2481 forcible
433 2442 542 2482 here.
601 2444 671 2483 He
699 2444 785 2484 also
805 2445 941 2496 points

119 2500 188 2533 out
207 2495 294 2534 that
314 2495 382 2535 the
408 2506 490 2535 MSS
520 2497 696 2537 indicate
722 2511 746 2536 a
773 2499 943 2549 reading

119 2547 268 2586 oscum
285 2548 326 2587 in
345 2549 412 2589 the
431 2550 662 2602 archetype.
714 2552 784 2591 He
803 2553 942 2591 would

119 2601 216 2639 read
234 2601 300 2640 ille
317 2616 417 2642 vero.
475 2604 496 2643 Ι
522 2604 659 2643 would
687 2605 823 2644 rather
848 2619 942 2644 con-

120 2653 226 2693 sider
249 2655 336 2694 that
364 2669 388 2694 a
405 2670 494 2696 vero
511 2657 586 2697 has
609 2658 732 2698 fallen
752 2666 822 2698 out
842 2659 944 2699 after

119 2712 207 2746 tum
251 2708 427 2762 through
471 2711 682 2751 confusion
715 2713 828 2752 -with
872 2726 943 2752 eru

110 2759 340 2813 following.

174 2815 320 2866 erupit]
357 2829 544 2869 compare
580 2818 623 2858 in
662 2819 771 2860 Catil
803 2830 839 2859 11
868 2822 890 2870 ἓ
923 2833 938 2859 1

121 2866 229 2916 abiit,
251 2869 415 2919 excessit,
435 2872 568 2921 evasit,
587 2873 730 2924 erupit.

126 2950 132 2955 .
175 2919 222 2960 in
239 2922 362 2967 eodem
379 2924 533 2976 ordine]
552 2926 595 2965 in
614 2926 683 2967 the
705 2927 865 2968 Senate.

1079 1587 1379 1638 restincturum]
1411 1601 1456 1627 so
1485 1587 1571 1628 Sall
1605 1588 1685 1627 Cat
1713 1599 1756 1636 31
1794 1586 1851 1628 fin

1024 1640 1252 1680 incendium
1269 1655 1399 1681 meum
1420 1642 1546 1681 ruina
1566 1642 1825 1692 restinguam.

1080 1696 1174 1734 xxvi
1210 1707 1257 1746 52
1314 1696 1491 1735 homines
1527 1695 1610 1734 iam
1644 1701 1731 1734 tum
1762 1709 1850 1734 con-

1025 1748 1194 1798 iuratos]
1234 1750 1255 1788 I
1275 1749 1380 1788 have
1393 1748 1572 1788 restored
1589 1749 1702 1788 these
1717 1749 1851 1788 words

1024 1803 1129 1841 from
1169 1803 1237 1842 the
1275 1813 1371 1847 MSS,
1409 1816 1454 1842 as
1489 1802 1653 1842 Halm’s
1686 1815 1850 1842 reasons

1024 1856 1087 1895 sor
1107 1857 1311 1908 throwing
1338 1857 1452 1895 them
1483 1863 1554 1896 out
1577 1857 1631 1896 do
1651 1863 1722 1895 not
1742 1869 1853 1896 seem

1025 1916 1068 1949 to
1089 1923 1154 1948 me
1176 1911 1414 1949 conclusive.

1079 1977 1170 2002 cum
1201 1964 1368 2015 gladiis]
1421 1964 1580 2003 ‘sword
1625 1964 1668 2002 in
1712 1962 1852 2002 hand)

1028 2016 1231 2068 Compare
1253 2017 1344 2055 Phil
1365 2027 1401 2056 11
1427 2020 1448 2066 ἕ
1478 2031 1491 2056 1
1506 2031 1549 2057 12
1573 2031 1648 2056 cur
1677 2018 1854 2056 homines

1024 2071 1208 2109 omnium
1231 2071 1414 2122 gentium
1446 2072 1623 2110 maxime
1647 2071 1847 2119 barbaros,

1023 2125 1210 2174 Ityraeos,
1261 2138 1352 2163 cum
1397 2126 1552 2175 sagittis
1605 2126 1761 2165 deducis
1806 2126 1851 2164 in

1009 2178 1160 2229 forum
1175 2178 1195 2217 ,9

1078 2231 1270 2281 descendi]
1290 2231 1352 2271 for
1370 2231 1450 2272 fact
1470 2245 1661 2285 compare
1681 2233 1723 2272 in
1744 2233 1852 2273 Catil

1025 2294 1041 2323 1
1062 2287 1082 2333 ἕ
1105 2298 1119 2323 1
1133 2297 1165 2323 1.

1078 2339 1250 2389 insigni]
1282 2340 1292 2358 ‘
1306 2340 1603 2391 conspicuous-²

1079 2393 1220 2440 lorica]
1243 2392 1306 2431 for
1326 2392 1505 2432 Cicero’s
1527 2394 1775 2447 breastplate
1799 2411 1852 2436 on

1026 2445 1106 2484 this
1134 2446 1323 2485 occasion
1349 2460 1539 2498 compare
1571 2448 1663 2488 Plut
1691 2451 1763 2490 Cic
1789 2463 1852 2500 14,

1026 2499 1139 2538 Dion
1161 2500 1324 2539 Cassius
1344 2510 1511 2539 XXXVII
1534 2513 1598 2553 29.

1079 2558 1200 2604 caput
1229 2559 1266 2593 et
1299 2555 1459 2602 collum]
1496 2555 1548 2594 he
1581 2555 1654 2596 has
1686 2557 1852 2610 already

1027 2607 1158 2646 called
1178 2607 1263 2645 him
1277 2608 1494 2658 gladiator,
1519 2609 1538 2656 ἐ
1558 2619 1620 2657 50.

1077 2662 1214 2711 petere]
1255 2662 1324 2701 the
1355 2674 1505 2713 proper
1532 2664 1645 2702 word
1683 2664 1746 2703 sor
1781 2665 1851 2705 the

1028 2720 1115 2752 cuts
1135 2715 1215 2753 and
1236 2714 1386 2754 thrusts
1406 2715 1445 2753 in
1466 2715 1723 2767 gladiatorial
1742 2732 1850 2758 com-

1027 2767 1128 2806 bats.
1176 2768 1232 2808 So
1251 2781 1313 2807 we
1333 2768 1417 2807 find
1430 2771 1594 2820 petendo
1613 2772 1855 2811 veliementer

1027 2821 1069 2859 in
1090 2827 1226 2860 orator
1243 2824 1264 2870 ἓ
1285 2823 1375 2870 228,
1395 2823 1476 2862 and
1506 2823 1574 2869 the
1603 2825 1854 2867 substantive

1017 2875 1155 2926 petitio
1179 2877 1221 2914 ‘a
1240 2874 1383 2926 lunge'
1405 2876 1447 2914 in
1468 2876 1575 2916 Catil
1598 2887 1612 2915 1
1633 2879 1652 2925 ἓ
1676 2891 1734 2928 15.

1078 2928 1460 2979 animadverterent]
1537 2931 1727 2971 Plutarch
1763 2946 1855 2986 says
