2054 3120
16 937 24 948 ¹
96 916 345 966 convince.

38 1047 40 1050 ,
96 997 232 1044 doce.

0 1315 30 1367 b.

1 2761 34 2887 l.

0 2932 34 3120 l-

105 72 302 135 xxxv
327 96 351 145 7
358 80 417 148 3]

658 83 808 132 PRO
852 83 897 131 L
943 83 1018 130 M
1021 82 1269 131 URENA

1774 94 1834 140 97

103 195 295 244 daretur
327 191 496 240 amicis
533 199 582 239 et
616 190 907 240 tribulibus?
973 190 1095 238 haec
1130 189 1355 238 homines
1396 187 1639 237 tenuiores
1674 204 1705 236 a
1738 187 1836 236 suis

102 274 357 323 tribulibus
382 282 544 321 vetere
568 271 792 321 instituto
815 272 1221 334 adsequebantur.

198 353 703 415 xxxv...praefectum
738 354 927 402 fabrum
963 354 1115 401 semel
1149 353 1314 400 locum
1350 350 1606 399 tribulibus
1635 349 1838 422 suis-de·
1860 354 1921 403 73

101 434 257 485 disse:
305 433 424 497 quid
472 443 688 483 statuent
734 435 784 482 in
822 435 950 483 viros
984 432 1264 499 primarios,
1313 432 1398 495 qui
1445 432 1494 479 in
1542 431 1837 496 circovtotas

100 516 324 563 tabernas
370 514 617 576 tribulium
664 531 812 562 causa
860 516 1240 577 compararunt?
1309 513 1434 560 haec
1479 510 1644 560 omnia
1687 505 1839 559 secta·

99 605 272 656 torum,
320 596 723 657 spectaculorum,
765 595 1080 657 prandiorum
1127 592 1329 641 crimina
1368 609 1399 640 a
1439 591 1751 641 multitudine
1785 591 1836 640 in

99 685 231 724 tuam
255 674 457 723 nimiam
481 667 797 737 diligentiam,
825 673 971 732 Servi,
993 673 1219 722 coniecta
1243 681 1369 730 sunt,
1396 672 1447 719 in
1471 672 1648 735 quibus
1673 680 1835 720 tamen

99 757 306 804 Murena
342 764 537 803 senatus
572 754 862 803 auctoritate
908 754 1199 803 defenditur.

1272 752 1392 815 quid
1427 751 1594 801 enim?
1641 759 1839 800 senatus

96 851 215 884 num
252 835 447 885 obviam
481 835 676 898 prodire
712 835 897 884 crimen
931 836 1109 897 putat?
1179 838 1322 893 ‘non‚
1373 833 1470 881 sed·
1508 832 1783 881 mercede
1807 832 1838 880 :'

94 1079 231 1125 tare?
301 1075 543 1134 ‘minime,
582 1076 669 1123 sed
704 1077 910 1138 vulgo.'

430 932 550 963 num
597 916 771 964 sectari
820 917 1000 963 multos
1017 917 1040 963 ?

304 1012 423 1043 num
455 997 620 1043 locum
655 996 718 1043 ad
755 997 1078 1057 spectandum
1104 996 1220 1055 dare
1244 1003 1327 1043 aut
1351 995 1415 1042 ad
1437 993 1698 1056 prandium
1722 992 1822 1042 invi

982 1076 1102 1138 quid
1138 1083 1212 1123 est
1245 1075 1489 1137 vulgo?³-
1525 1067 1836 1122 ‘universos'

1125 918 1269 975 ‘non,
1318 914 1404 962 sed
1451 913 1836 962 conductos:’

92 1173 194 1205 non
227 1155 384 1218 igitur,
422 1155 462 1204 si
497 1158 540 1203 L
576 1158 742 1214 Natta,
781 1172 974 1204 summo
1011 1157 1123 1204 loco
1158 1155 1461 1213 adulescens,
1510 1153 1595 1216 qui
1636 1161 1685 1202 et
1732 1170 1832 1216 quo

93 1227 281 1283 animo'
303 1235 402 1283 iam
438 1234 499 1283 sit
536 1244 584 1284 et
620 1236 777 1298 qualis
812 1235 883 1284 vir
917 1234 1202 1306 futurusxsit
1237 1233 1475 1293 videmus,
1518 1233 1570 1281 in
1616 1232 1830 1296 equitum

143 1413 372 1462 tribulibus]
396 1413 466 1452 the
484 1413 859 1453 fellow-tribesmen
878 1413 926 1453 of

91 1466 161 1507 the
198 1468 445 1507 candidates.
526 1468 607 1506 But
652 1468 722 1507 the
769 1469 918 1519 charge

89 1521 266 1572 brought
293 1521 452 1572 against
482 1521 657 1560 Murena
675 1534 758 1560 was
776 1528 917 1572 specta-

0 1605 2 1607 .
70 1575 180 1614 ·cula
198 1574 380 1614 tributim
393 1575 500 1623 data,
515 1575 529 1613 i
547 1588 570 1614 e
589 1581 632 1614 to
647 1575 781 1614 whole
794 1576 918 1615 tribes

93 1634 135 1668 at
154 1641 179 1667 a
197 1628 308 1667 time.
358 1628 503 1667 Halm.

142 1682 472 1733 adsequebantur]
505 1681 603 1721 here
627 1682 743 1722 there
763 1682 796 1722 is
815 1696 840 1722 a
858 1683 915 1722 la-

90 1747 194 1775 cuna
211 1735 254 1774 in
273 1735 343 1775 the
364 1746 460 1774 MSS.

140 1802 248 1828 xxxv
329 1798 377 1839 73
445 1789 680 1828 Mommsen
735 1790 916 1842 supplies

91 1854 205 1882 sense
223 1842 317 1882 thus
347 1844 502 1894 [quodsi
527 1844 790 1882 criminosum
812 1845 916 1882 vide-

88 1901 160 1935 tur
201 1898 379 1935 amicum
432 1897 634 1949 quendam
680 1897 916 1947 Murenae‚]

77 1950 322 2002 praefectum
329 1981 425 1990 ......
434 1951 576 1989 Halm.

134 2003 376 2055 praefectum
397 2004 592 2055 fabrum]
620 2018 673 2043 an
704 2004 841 2044 officer
873 2004 921 2044 of

87 2057 297 2108 engineers
321 2058 415 2097 who
445 2058 526 2096 had
553 2059 753 2110 probably
772 2059 914 2098 served

87 2111 216 2150 under
246 2111 419 2150 Murena
451 2112 493 2150 in
527 2112 641 2151 Asia.
701 2112 779 2151 See
808 2113 912 2151 Caes

86 2163 169 2203 bell
201 2165 265 2204 civ
294 2174 310 2204 1
345 2178 395 2214 24
425 2166 479 2204 N
508 2166 681 2216 Magius
713 2167 912 2204 Cremona

82 2218 300 2270 praefectus
315 2219 492 2270 fabrum
516 2221 579 2258 Cn
599 2220 792 2271 Pompeii,
814 2219 911 2259 Vel-

85 2269 186 2311 leius
215 2275 250 2311 1⁸1
273 2272 364 2322 76§
388 2285 419 2312 1.

136 2325 335 2375 tabernas]
355 2326 485 2365 either
509 2324 680 2372 ‘boxes‚'
696 2326 710 2365 i
725 2339 747 2366 e
761 2326 911 2367 booths

87 2377 187 2417 with
222 2386 328 2420 seats
367 2380 529 2429 (Halm)
577 2393 624 2419 or
665 2380 832 2420 ‘blocks
869 2381 917 2419 of

85 2431 216 2478 scats:
246 2433 259 2471 i
286 2446 308 2472 e
346 2434 502 2485 strictly
540 2433 611 2473 the
639 2440 910 2474 entrance-ar-

83 2485 203 2524 cades
221 2486 356 2526 which
373 2500 476 2538 gave
495 2500 630 2527 access
650 2495 692 2527 to
712 2488 781 2527 the
800 2501 909 2527 seve-

85 2537 142 2577 ral
178 2539 322 2579 blocks
355 2541 550 2593 (Zumpt),
592 2554 784 2593 compare
823 2542 909 2581 Tac

83 2590 181 2631 Ann
200 2602 263 2631 xv
284 2594 347 2644 38,
371 2594 532 2646 Dionys
554 2595 639 2634 Hal
661 2605 714 2633 111
735 2594 800 2634 68.

133 2648 439 2698 compararunt]
458 2647 562 2688 have
586 2647 761 2697 ‘taken‚'
780 2661 825 2688 as
844 2662 908 2690 we

83 2709 164 2750 say,
186 2699 199 2738 i
221 2713 244 2740 e
262 2700 388 2740 hired.

132 2751 398 2804 diligentiam]
442 2767 635 2807 compare
665 2769 741 2808 pro
781 2756 907 2807 Ligar

80 2804 104 2862 5
128 2816 143 2844 1
165 2807 359 2861 quoniam
377 2808 586 2860 diligentia
604 2810 765 2849 inimici
779 2811 906 2849 inves-

79 2857 248 2910 tigatum
267 2866 322 2899 est
337 2862 444 2913 quod
465 2863 620 2902 latebat.

129 2914 315 2964 coniecta]
343 2914 456 2967 flung
486 2928 611 2967 upon,
644 2916 750 2956 ‘laid
771 2922 814 2957 to
833 2917 904 2958 the

211 2995 317 3044 Cic.
332 3002 429 3059 pro
458 2998 496 3045 L
523 2997 657 3046 Mar.

1004 1413 1109 1453 door
1127 1413 1175 1453 of
1187 1427 1290 1466 your
1301 1414 1587 1466 over-activity
1598 1414 1641 1453 in
1658 1414 1835 1467 hunting

1003 1481 1059 1519 up
1068 1468 1236 1520 charges
1250 1469 1408 1520 against
1421 1482 1523 1520 your
1533 1467 1682 1508 rivals.'
1710 1469 1832 1508 Com·
1873 1509 1878 1515 ,

1004 1534 1103 1573 pare
1123 1532 1157 1560 11
1177 1523 1220 1561 in
1239 1522 1410 1562 Verrem
1430 1532 1463 1561 11
1483 1525 1504 1570 ξ
1524 1523 1615 1561 18ὀ
1625 1523 1837 1573 praeclare

1004 1575 1216 1614 coniectum
1228 1589 1254 1614 a
1265 1577 1384 1627 vulgo
1394 1576 1440 1615 in
1455 1576 1570 1615 illam
1575 1577 1833 1627 provinciam

1004 1642 1117 1668 omen
1143 1631 1369 1680 eommunis
1381 1630 1530 1681 famae
1553 1636 1673 1681 atque
1687 1644 1831 1669 sermo-

1006 1684 1084 1729 nis,
1097 1695 1174 1734 pro
1195 1683 1320 1722 Plane
1337 1685 1358 1732 ἕ
1373 1695 1420 1734 31
1436 1684 1606 1722 coniecta
1624 1684 1834 1723 maledicta

1003 1737 1050 1775 in
1067 1737 1151 1775 eius
1167 1737 1308 1776 vitam.

1058 1790 1104 1828 in
1123 1790 1266 1842 quibus
1283 1796 1417 1830 tamen
1424 1822 1520 1831 ......
1526 1790 1543 1840 ]
1571 1790 1641 1830 the
1663 1804 1778 1831 sense
1798 1791 1831 1831 is

1007 1844 1126 1892 ⁴(and
1159 1844 1316 1895 though
1347 1858 1449 1896 your
1479 1845 1646 1896 activity
1670 1858 1754 1885 was
1786 1858 1832 1885 so

1003 1904 1129 1948 great,
1151 1897 1183 1937 it
1202 1911 1285 1937 was
1305 1898 1434 1948 sutile)
1462 1899 1524 1938 sor
1555 1899 1730 1938 Murena
1757 1899 1832 1938 has

1000 1951 1070 1990 the
1089 1951 1311 1991 resolution
1333 1952 1380 1991 of
1395 1952 1463 1992 the
1491 1953 1641 1992 senate
1660 1959 1703 1992 to
1723 1953 1830 1992 back

1001 2004 1115 2043 him.'

1053 2059 1301 2108 auctoritate]
1320 2058 1389 2099 the
1413 2059 1652 2111 ‘lexpressed
1669 2058 1772 2099 will'
1789 2060 1835 2099 of-

999 2111 1070 2151 the
1109 2112 1549 2163 Senate=c0nsultum,
1599 2127 1644 2152 as
1682 2114 1726 2152 in
1777 2115 1829 2154 de

999 2165 1067 2217 leg
1093 2175 1127 2204 11
1148 2167 1167 2213 ἓ
1187 2176 1236 2216 37
1274 2172 1435 2206 senatus
1468 2173 1580 2206 vetus
1613 2167 1830 2207 auctoritas

999 2220 1047 2258 de
1080 2221 1417 2268 Bacchanalibus,
1451 2221 1504 2260 ad
1532 2221 1615 2260 fam
1651 2231 1667 2260 1
1700 2234 1720 2260 2
1753 2224 1774 2271 ξ
1802 2238 1827 2272 4

997 2273 1045 2311 de
1069 2273 1133 2312 lzz‘s
1159 2274 1273 2312 rebus
1297 2279 1457 2313 senatus
1483 2275 1700 2314 auctoritas
1729 2289 1826 2327 gra-

997 2326 1163 2419 vigsima
1188 2327 1412 2367 intercessit.
1472 2328 1678 2380 Compare
1697 2329 1828 2370 above

1051 2447 1153 2472 num
1167 2434 1311 2474 locum.
1320 2467 1328 2475 .
1337 2435 1462 2485 dare]
1477 2436 1633 2488 Campe
1646 2442 1827 2488 suspects

995 2486 1087 2526 that
1106 2488 1175 2527 the
1194 2501 1350 2528 answer
1369 2496 1412 2528 to
1431 2490 1511 2529 this
1533 2490 1644 2538 (non,
1667 2491 1738 2529 sea'
1752 2491 1825 2530 tri·

995 2541 1135 2581 batim.
1196 2542 1400 2595 Compare
1418 2545 1439 2592 ἕ
1459 2542 1527 2594 67)
1547 2539 1621 2583 has
1639 2544 1825 2595 dropped

997 2601 1082 2634 out.
1139 2595 1280 2635 Halm.

1050 2649 1272 2699 universos]
1305 2649 1387 2690 this
1423 2652 1613 2703 question
1643 2651 1726 2690 and
1753 2664 1823 2690 an·

996 2714 1100 2741 swer
1118 2703 1152 2742 is
1171 2704 1324 2755 quoted
1342 2704 1396 2755 by
1413 2705 1542 2755 Quint
1556 2714 1623 2743 vn
1645 2716 1667 2754 3
1688 2707 1709 2753 ξ
1735 2703 1795 2744 16.

1046 2756 1084 2796 L
1111 2757 1314 2796 Pinarius
1344 2758 1492 2807 Natta]
1523 2771 1568 2797 as
1597 2758 1750 2809 pontiff
1780 2758 1822 2798 in

993 2818 1055 2848 Bc
1085 2811 1135 2858 58
1162 2810 1215 2850 he
1238 2810 1380 2862 joined
1408 2812 1450 2851 in
1477 2811 1548 2851 the
1574 2811 1822 2851 destruction

993 2862 1042 2902 of
1073 2863 1253 2905 Cicero's
1281 2863 1420 2905 house.
1492 2866 1572 2905 See
1608 2865 1661 2906 de
1697 2865 1823 2906 domo

992 2929 1065 2957 sua
1083 2918 1105 2966 ἓ
1129 2917 1218 2957 118.

1656 3017 1679 3064 7
