2054 3120
182 133 241 164 22
757 116 1351 166 INTRODUCTION

178 223 336 268 cation
367 222 419 267 of
442 223 522 267 the
552 224 861 280 phraseology
881 223 934 267 of
956 224 1035 267 the
1057 224 1202 267 Porch
1229 221 1287 280 (ἐξ
1309 236 1348 279 3,
1370 222 1440 279 60,
1463 221 1536 278 77)
1559 223 1598 267 is
1619 223 1717 268 also
1738 225 1911 281 worthy

177 295 230 340 of
244 295 413 351 notice,
432 295 566 339 while
588 296 666 339 the
687 296 824 339 artful
855 295 1166 339 introduction
1188 295 1240 338 of
1254 296 1333 338 the
1354 301 1596 350 argument
1624 294 1742 338 from
1773 303 1911 339 state-

177 370 459 426 expediency
482 366 540 426 (ἕξ
561 368 750 425 78—80)
784 369 823 412 is
853 368 1039 424 beyond
1069 368 1130 411 all
1160 367 1324 425 praise.
1387 368 1488 410 The
1518 367 1827 412 inaccuracies
1858 381 1911 411 as

175 447 225 484 to
256 447 446 484 matters
475 440 527 484 of
551 440 660 497 fact,
679 441 830 485 which
862 454 939 484 are
970 440 1264 483 commented
1294 454 1356 483 on
1386 439 1434 482 in
1465 440 1543 483 the
1573 448 1718 496 notes,
1748 441 1808 484 do
1830 447 1911 484 not

176 514 354 556 detract
383 513 502 557 from
533 514 611 557 the
641 514 775 557 merit
806 514 859 557 of
892 513 971 556 the
1002 513 1203 569 speech:
1244 526 1295 555 as
1331 512 1563 555 instances
1594 511 1646 555 of
1670 512 1911 555 oratorical

173 584 535 628 intensification
565 584 792 640 (δείνωσις,
815 584 991 641 Quintil
1011 594 1044 627 v
1066 596 1091 626 2
1121 581 1143 640 ξ
1164 583 1237 640 24)
1260 598 1328 627 we
1357 586 1465 638 may
1484 583 1602 626 refer
1630 590 1678 626 to
1708 584 1786 626 the
1815 583 1910 640 pic-

175 661 300 699 tures
321 655 373 698 of
399 656 694 699 Mithridates
728 653 787 712 (ἕξ
807 655 998 711 32—34)
1030 656 1125 699 and
1155 655 1207 699 of
1230 656 1309 699 the
1340 657 1538 711 dangers
1560 663 1607 699 to
1629 655 1687 699 be
1707 655 1911 701 dreaded

175 727 293 772 from
314 728 717 785 the‘accomplices
740 727 791 770 of
809 727 1005 771 Catiline
1025 725 1085 784 (§§
1108 727 1248 781 78-8
1254 727 1308 782 5).

265 801 308 843 It
332 799 371 842 is
399 799 567 854 always
597 806 645 842 to
670 799 729 842 be
753 799 1072 842 remembered
1101 799 1202 842 that
1222 812 1290 841 we
1310 799 1428 841 have
1458 798 1537 841 the
1559 797 1727 854 speech
1749 804 1830 841 not
1858 811 1910 842 as

174 873 211 917 it
230 886 324 916 was
346 870 575 915 delivered
605 870 699 926 (see
727 885 787 914 on
807 869 828 926 ξ
850 870 936 927 57),
967 872 1051 915 but
1082 885 1132 914 as
1164 871 1199 914 it
1228 884 1322 913 was
1353 870 1579 926 prepared
1607 870 1678 913 for
1706 870 1909 926 publica-

173 944 272 988 tion
292 959 304 997 ;
353 943 448 987 and
489 943 523 987 it
563 943 602 986 is
643 951 725 986 not
763 943 967 998 unlikely
1006 943 1107 986 that
1159 957 1288 986 some
1328 942 1380 986 of
1425 943 1504 986 the
1544 956 1672 986 more
1711 942 1911 986 finished

173 1030 395 1072 passages
436 1016 570 1073 (such
606 1030 658 1060 as
693 1013 736 1073 ἐξ
766 1015 956 1071 62-65)
996 1016 1209 1060 received
1247 1016 1367 1060 their
1395 1016 1485 1059 last
1515 1016 1655 1059 touch
1687 1014 1802 1059 after
1830 1015 1910 1059 the

173 1085 291 1129 trial.

261 1189 376 1247 [Sed
406 1190 455 1234 in
483 1191 556 1235 his
588 1191 790 1249 quidem,
822 1192 870 1236 in
901 1192 1068 1250 quibus
1098 1193 1172 1236 vel
1202 1191 1342 1236 iudici
1372 1192 1446 1235 vel
1477 1192 1618 1236 etiam
1649 1193 1909 1237 astantibus

172 1260 290 1304 ratio
329 1269 515 1305 nostrae
549 1263 881 1306 moderationis
915 1263 1102 1320 probari
1138 1264 1290 1319 debet,
1325 1263 1477 1307 minor
1509 1271 1579 1307 est
1609 1265 1766 1317 labor;
1815 1265 1908 1310 illic

171 1333 275 1389 plus
298 1332 592 1390 difficultatis,
613 1334 692 1378 ubi
713 1335 852 1391 ipsos,
876 1343 1037 1379 contra
1057 1350 1173 1392 quos
1195 1336 1405 1390 dicimuS,
1426 1349 1637 1379 veremur
1663 1337 1906 1381 offendere.

173 1405 293 1448 duae
314 1405 450 1447 simul
470 1405 735 1449 huiusmodi
760 1420 985 1462 personae
1008 1407 1219 1450 Ciceroni
1250 1421 1333 1463 pro
1357 1408 1555 1450 Murena
1574 1407 1746 1451 dicenti
1768 1408 1908 1451 obsti-

172 1483 338 1531 terunt,
366 1477 417 1519 M
451 1477 641 1520 Catonis
676 1477 914 1534 Serviique
941 1478 1143 1534 Sulpicii.
1201 1492 1343 1535 quam
1374 1479 1591 1522 decenter
1617 1486 1774 1523 tamen
1807 1480 1909 1524 Sul-

172 1546 307 1603 picio,
323 1561 428 1590 curn
449 1562 610 1591 omnes
632 1543 937 1593 concessisset
951 1550 1157 1604 virtutes,
1172 1550 1414 1593 scientiam
1433 1550 1622 1606 petendi
1642 1552 1906 1595 consulatus

173 1619 372 1663 ademit!
431 1619 546 1676 quid
581 1620 705 1663 enim
736 1621 863 1665 aliud
895 1630 1028 1678 esset,
1065 1637 1157 1679 quo
1189 1636 1239 1666 se
1269 1622 1443 1665 victum
1477 1622 1618 1665 homo
1658 1623 1825 1666 nobilis
1862 1631 1907 1668 et

171 1691 282 1734 iuris
304 1692 497 1735 antistes
518 1693 667 1748 magis
688 1693 856 1738 ferret?
911 1702 961 1737 ut
981 1708 1090 1737 vero
1111 1694 1338 1737 rationem
1359 1692 1639 1736 defensionis
1665 1707 1775 1737 suae
1806 1695 1907 1738 red-

173 1764 303 1818 didit,
332 1778 438 1808 cum
465 1779 514 1808 se
541 1766 773 1810 studuisse
794 1768 1005 1824 petitioni
1029 1767 1219 1824 Sulpicii
1241 1774 1402 1810 contra
1421 1767 1646 1810 honorem
1668 1768 1904 1825 Murenae,

171 1850 267 1880 non
287 1836 412 1879 idem
433 1837 601 1881 debere
622 1838 794 1882 actioni
815 1846 975 1882 contra
999 1847 1151 1896 caput,
1174 1839 1374 1882 diceret!
1431 1852 1571 1895 quam
1597 1839 1724 1882 molli
1750 1848 1906 1885 autem

173 1907 364 1951 articulo
383 1908 597 1952 tractavit
621 1909 873 1954 Catonem!
914 1911 1043 1953 cuius
1075 1918 1290 1954 naturam
1320 1924 1500 1954 summe
1531 1911 1784 1955 admiratus
1811 1927 1906 1957 non

171 1977 316 2034 ipsius
336 1978 448 2021 vitio
471 1980 554 2023 sed
577 1980 762 2029 Stoicae
783 1988 938 2025 sectae
959 1982 1239 2039 quibusdam
1255 1983 1303 2025 in
1323 1983 1461 2026 rebus
1482 1983 1654 2027 factam
1675 1984 1906 2029 duriorem

170 2049 316 2092 videri
342 2050 560 2104 volebat3
594 2058 645 2095 ut
677 2051 797 2096 inter
828 2067 907 2096 eos
942 2068 1036 2097 non
1064 2054 1296 2097 forensem
1323 2055 1667 2098 contentionem
1700 2057 1783 2099 sed
1810 2064 1905 2100 stu-

171 2119 354 2162 diosam
382 2120 742 2177 disputationem
770 2123 979 2167 crederes
1011 2124 1243 2168 incidisse.
1295 2125 1411 2168 haec
1439 2132 1508 2168 est
1538 2126 1745 2181 profecto
1773 2128 1903 2183 ratio,

171 2198 217 2234 et
245 2192 551 2236 certissimum
581 2203 933 2251 praeceptorum
961 2209 1107 2251 genus
1138 2195 1259 2238 illius
1289 2196 1374 2238 viri
1402 2196 1677 2252 observatio,
1706 2204 1769 2252 ut,
1798 2211 1904 2241 cum

171 2263 346 2320 aliquid
377 2265 617 2308 detrahere
649 2266 777 2308 salva
806 2265 956 2321 gratia
984 2266 1110 2320 velis,
1141 2266 1370 2309 concedas
1402 2266 1493 2308 alia
1523 2266 1711 2311 omnia:
1741 2267 1789 2310 in
1815 2268 1904 2311 hoc

171 2334 270 2377 solo
305 2335 379 2378 vel
413 2335 566 2379 minus
599 2337 800 2392 peritum
833 2351 974 2393 quam
1005 2337 1055 2380 in
1086 2337 1264 2391 ceteris,
1293 2336 1487 2391 adiecta,
1517 2336 1557 2379 si
1591 2336 1758 2393 poterit
1792 2336 1903 2391 fieri,

171 2406 312 2449 etiam
333 2420 487 2462 causa,
509 2422 590 2451 cur
610 2409 659 2452 id
678 2408 745 2453 ita
765 2408 837 2463 sit,
858 2409 932 2451 vel
951 2409 1089 2465 paulo
1110 2408 1462 2464 pertinaciorem
1481 2408 1555 2450 vel
1574 2408 1811 2451 credulum
1830 2410 1904 2452 vel

170 2477 351 2533 iratum,
383 2478 457 2520 vel
486 2478 737 2535 impulsum
768 2480 828 2522 ab
860 2479 974 2523 aliis.
1035 2480 1123 2523 hoc
1154 2479 1243 2522 illis
1271 2492 1516 2522 commune
1544 2478 1799 2521 remedium
1819 2487 1902 2534 est,

171 2546 261 2591 nisi
282 2546 330 2589 in
350 2553 450 2591 tota
469 2548 651 2592 actione
672 2549 926 2605 aequaliter
946 2556 1165 2606 appareat
1186 2562 1280 2592 non
1299 2549 1450 2592 honor
1478 2548 1618 2592 modo
1650 2548 1732 2591 sed
1763 2549 1903 2593 etiam

172 2617 353 2662 caritas,
399 2626 637 2674 praeterea
657 2633 798 2664 causa
819 2621 878 2665 sit
898 2622 1033 2665 nobis
1053 2621 1176 2664 iusta
1196 2621 1262 2664 sic
1284 2620 1483 2676 dicendi,
1503 2634 1652 2677 neque
1673 2621 1722 2663 id
1746 2621 1902 2666 mode-

171 2695 270 2733 rate
294 2696 473 2746 tantum
494 2691 719 2736 faciamus
741 2693 824 2737 sed
846 2692 987 2737 etiam
1003 2693 1275 2738 necessario.
1321 2692 1498 2749 Quintil
1515 2702 1571 2735 XI
1594 2705 1610 2735 1
1633 2690 1679 2744 ἓξ
1695 2691 1903 2750 68—72.]
