2054 3120
171 69 232 117 50
732 55 880 104 PRO
924 57 970 103 L
1013 55 1342 104 MURENA
1709 52 1805 121 [xi
1834 71 1897 116 24

167 163 231 210 ab
262 156 338 210 his
371 161 568 210 defendi
601 170 653 210 et
687 162 863 210 firmari
899 171 1161 225 putantur;
1212 178 1405 226 summa
1438 161 1584 217 etiam
1615 163 1810 230 utilitas,
1858 165 1897 213 si

168 242 366 304 quidem
415 258 580 290 eorum
610 239 820 291 consilio
850 251 898 291 et
922 242 1138 305 periculo
1168 259 1284 296 ,cum
1315 258 1366 290 re
1391 242 1602 304 publica,
1623 253 1727 292 tum
1752 244 1896 293 etiam

167 321 343 369 nostri-s
367 323 510 370 rebus
534 320 712 383 perfrui
735 338 1005 384 possumus.
1076 322 1232 384 gravis
1268 322 1415 371 etiam
1449 323 1531 371 illa
1567 333 1638 372 est
1673 334 1721 381 et
1752 327 1899 388 plena

172 399 419 462 dignitatis
446 399 644 448 dicendi
681 401 898 460 facultas,
939 418 1064 463 quae
1105 418 1250 464 saepe
1287 402 1437 450 valuit
1474 403 1525 450 in
1557 407 1756 455 consule
1784 406 1899 455 deli-

168 482 346 542 gendo,
391 497 536 543 posse
574 481 784 530 consilio
825 480 985 544 atque'
1006 482 1227 531 oratione
1269 492 1317 532 et
1349 494 1543 533 senatus
1573 494 1621 533 et
1650 487 1819 549 populi
1851 498 1898 536 et

169 577 351 619 eorum,
379 560 463 623 qui
496 577 571 609 res
606 561 835 620 iudicant,
863 571 1053 610 mentes
1076 579 1371 625 permovere.
1445 565 1688 628 quaeritur
1711 570 1895 628 consul,

169 640 252 703 qui
288 641 500 690 dicendo
537 658 911 704 nonnumquam
946 643 1238 705 comprimat
1272 644 1556 695 'tribunicios
1590 647 1788 707 furores,
1815 649 1900 710 qui

169 725 466 771 concitatum
491 724 728 785 populum
753 723 929 781 flectat,
952 723 1036 785 qui
1060 723 1300 786 largitioni
1323 725 1523 775 resistat.
1583 743 1683 775 non
1709 727 1899 787 mirum,

170 805 210 853 si
245 807 310 852 ob
345 805 473 851 hanc
506 805 785 852 facultatem
819 805 1044 853 homines
1080 822 1226 868 saepe
1262 805 1408 854 etiam
1442 823 1542 855 non
1576 808 1765 856 nobiles
1789 824 1902 856 con-

170 885 377 932 sulatum
412 883 663 931 consecuti
698 892 822 941 sunt,
860 884 1142 946 praesertim
1178 901 1290 932 cum
1325 886 1448 934 haec
1483 888 1655 935 eadem
1690 903 1765 948 res
1799 889 1903 950 plu·

170 964 314 1012 rimas
370 963 560 1026 gratias,
615 964 911 1022 firmissimas
959 965 1210 1023 amicitias,
1264 965 1476 1014 maxima
1512 966 1673 1015 studia
1714 967 1900 1029 pariat:

86 1049 146 1095 25
172 1061 377 1106 quorum
427 1043 478 1091 in
526 1043 620 1092 isto
668 1053 828 1093 vestro
874 1045 1090 1104 artificio,
1128 1045 1322 1108 Sulpici,
1375 1046 1495 1094 nihil
1544 1057 1628 1095 est.
1693 1047 1902 1109 primum

170 1125 379 1187 dignitas
413 1125 462 1172 in
505 1134 605 1173 tam
638 1125 772 1173 tenui
808 1125 1011 1174 scientia
1037 1143 1139 1175 non
1167 1135 1330 1189 potest
1366 1144 1498 1176 esse:
1535 1144 1610 1176 res
1635 1129 1765 1176 enim
1790 1138 1903 1176 sunt

169 1221 360 1267 parvae,
406 1220 558 1266 prope
594 1203 644 1251 in
679 1204 877 1267 singulis
917 1205 1087 1253 litteris
1127 1215 1276 1267 atque
1308 1205 1781 1268 interpunctionibus
1805 1224 1905 1256 ver-

169 1326 216 1365 of
230 1339 304 1365 our
325 1326 439 1365 State
459 1325 501 1363 in
513 1325 582 1364 the
594 1324 752 1370 world‚'
769 1326 811 1364 in
823 1325 995 1365 relation
1076 1326 1165 1364 tion
1189 1325 1237 1364 of
1256 1325 1374 1364 lands
1400 1339 1447 1364 or
1471 1340 1568 1365 corn
1591 1333 1633 1366 to
1659 1327 1728 1366 the
1756 1328 1904 1379 people

170 1387 212 1418 to
232 1380 378 1427 others,
404 1379 554 1430 Zumpt
581 1379 662 1417 and
689 1379 870 1424 Tischer,
900 1379 994 1418 who
1078 1380 1133 1429 by
1170 1392 1195 1418 a
1229 1380 1294 1418 lex
1329 1380 1496 1430 agraria
1532 1394 1578 1419 or
1603 1381 1902 1431 frumentaria.

170 1446 360 1484 compare
382 1433 434 1471 de
456 1432 601 1484 republ
627 1442 664 1471 11
692 1435 713 1481 ἓ
743 1445 764 1470 2
791 1438 998 1483 praestare
1081 1433 1151 1471 He
1178 1433 1212 1472 is
1229 1433 1421 1484 thinking
1440 1433 1487 1471 of
1507 1434 1571 1473 his
1593 1448 1687 1473 own
1714 1435 1906 1485 speeches

170 1492 327 1526 nostrae
341 1486 513 1526 civitatis
529 1491 678 1525 statum
697 1486 827 1525 ceteris
856 1487 994 1525 civita·
1077 1487 1125 1525 de
1176 1487 1254 1537 lege
1306 1487 1474 1537 agraria
1523 1493 1662 1526 contra
1715 1489 1900 1535 Rullum,

169 1541 285 1583 tibus
315 1553 391 1601 pro
423 1540 571 1578 Flacco
596 1541 617 1587 ξ
646 1553 668 1591 3
692 1545 818 1578 totum
845 1545 995 1578 statum
1079 1539 1285 1579 delivered
1321 1541 1431 1591 early
1469 1541 1512 1579 in
1549 1541 1629 1580 this
1667 1555 1764 1593 very
1791 1555 1898 1593 year.

169 1594 351 1633 civitatis.
404 1594 484 1632 But
511 1593 554 1631 in
586 1594 638 1632 de
670 1594 835 1664 republ
846 1603 882 1632 11
916 1595 937 1641 ξ
972 1607 993 1633 2

170 1650 202 1686 it
221 1647 438 1701 clearly=‘
450 1660 524 1685 our
543 1645 835 1694 constitutionss
865 1647 947 1685 and
974 1647 994 1685 I

170 1702 328 1740 believe
349 1695 417 1739 the
440 1713 551 1739 same
575 1707 617 1739 to
638 1701 688 1739 be
713 1700 784 1739 the
805 1701 997 1751 meaning

184 1776 214 1793 ι,
239 1768 314 1806 pro
342 1754 517 1794 Sestio
498 1775 516 1801 δ
547 1766 562 1791 1
593 1755 674 1792 and
696 1767 772 1805 p-ro
798 1754 948 1793 Flacco
974 1755 995 1800 ἐ

172 1821 207 1858 3.
268 1809 311 1847 Is
330 1808 362 1846 it
380 1814 452 1846 not
471 1808 557 1846 also
571 1807 696 1846 here?
752 1807 843 1847 One
857 1807 996 1847 consul

170 1875 253 1900 was
273 1868 321 1900 at
333 1861 413 1900 this
431 1874 529 1911 very
554 1861 653 1900 time
676 1873 808 1911 away,
833 1861 997 1912 putting

170 1916 294 1954 down
326 1915 395 1953 the
422 1914 686 1953 Catilinarian
714 1914 990 1953 insurrection.

174 1974 183 1990 ‘
199 1969 283 2007 For
301 1968 357 2007 all
376 1967 512 2018 things
531 1968 675 2006 within
692 1967 763 2006 the
788 1968 933 2019 sphere
954 1967 1000 2006 of

171 2035 246 2061 our
270 2022 356 2060 rule
377 2021 531 2060 abroad
556 2034 602 2059 or
631 2034 706 2059 our
734 2021 995 2060 constitution

172 2082 214 2115 at
249 2075 372 2114 home
408 2088 476 2114 are
512 2074 585 2113 felt
608 2079 652 2113 to
676 2081 744 2125 get
770 2074 875 2113 their
903 2088 995 2126 pro-

173 2129 324 2168 tection
337 2129 418 2167 and
437 2127 718 2167 maintenance
732 2127 836 2166 from
852 2126 995 2167 these.'

225 2182 400 2231 consilio]
420 2183 506 2230 so§
533 2193 598 2232 33.
653 2181 738 2220 ‘vis
767 2181 909 2221 consili
932 2195 996 2220 ex-

162 2235 280 2287 pers’
314 2248 449 2274 comes
490 2242 532 2274 to
570 2248 595 2273 a
624 2234 708 2273 bad
750 2234 843 2283 end,
904 2236 997 2274 Hor

174 2290 299 2329 Carm
319 2299 375 2327 111
397 2303 421 2336 4
441 2287 521 2337 653
555 2287 780 2340 ‘strategyst

219 2343 345 2394 posse]
387 2342 456 2381 the
497 2341 652 2392 subject
684 2342 730 2380 of
766 2341 904 2388 zaluit,
956 2344 996 2379 in

174 2396 406 2456 apposition
418 2401 460 2434 to
466 2395 662 2446 facultas
707 2395 871 2446 Zumpt.
914 2396 948 2433 F
952 2408 998 2433 or

174 2451 242 2488 the
279 2449 497 2488 sentiment
534 2448 665 2487 Halm
701 2461 912 2500 compares
946 2449 997 2488 de

173 2508 263 2542 orat
281 2512 297 2541 1
316 2504 338 2550 ξ
359 2513 421 2549 30.

226 2555 374 2603 valuit]
397 2558 406 2576 ⁶
420 2555 493 2594 has
511 2555 658 2594 turned
677 2554 746 2594 the
765 2554 874 2605 day.’

226 2609 398 2658 consilio,
425 2608 515 2657 &cJ
549 2610 560 2628 ⁴
574 2608 630 2659 by
649 2613 734 2647 tact
758 2609 840 2647 and
858 2621 999 2660 power

174 2662 221 2702 of
233 2661 457 2714 speaking.'

211 2714 655 2767 furores...largitzonz]
694 2714 809 2754 ‘able
841 2719 885 2754 to
923 2722 998 2767 put

173 2769 297 2809 down
340 2768 593 2808 hot-headed
631 2768 813 2807 tribunes
856 2774 900 2807 to
909 2797 993 2808 .....

173 2830 216 2862 to
254 2823 374 2861 stand
415 2828 486 2860 out
524 2821 681 2873 against
726 2834 752 2860 a
793 2823 997 2873 proposed

173 2877 358 2927 bounty.’
401 2874 573 2928 largitio,
605 2874 702 2915 here
721 2874 791 2915 the
809 2875 999 2924 distribu-

1078 1593 1286 1644 Compare
1305 1595 1326 1641 ξ
1347 1595 1408 1632 80.

1133 1660 1216 1738 ⁷}0'2
1243 1647 1401 1696 nobiles]
1430 1647 1529 1687 such
1557 1661 1600 1687 as
1630 1648 1774 1688 Cicero
1801 1648 1903 1687 him-

1081 1700 1140 1739 sel
1159 1730 1168 1739 .

1128 1752 1302 1805 gratias]
1324 1757 1334 1774 ⁴
1344 1753 1615 1805 obligations,'
1627 1755 1759 1794 under
1771 1755 1906 1795 which

1080 1807 1150 1846 the
1195 1807 1389 1858 eloquent
1434 1808 1599 1846 counsel
1644 1809 1732 1859 lays
1783 1822 1906 1859 many

1080 1861 1224 1899 clients
1237 1861 1317 1899 and
1334 1861 1438 1899 their
1451 1861 1616 1900 friends.
1671 1862 1755 1901 For
1772 1862 1906 1914 plural

1081 1926 1271 1964 compare
1289 1916 1310 1961 ἓ
1331 1927 1393 1964 42.

1133 1966 1318 2018 artificio]
1393 1968 1403 1986 ‘
1419 1967 1620 2007 technical
1675 1968 1904 2021 dexterity‚'

1086 2019 1275 2060 ‘knack.'
1332 2033 1523 2072 compare
1542 2022 1595 2060 ad
1614 2021 1697 2060 fam
1724 2032 1775 2060 IX
1810 2023 1857 2061 16
1884 2025 1906 2071 ἓ

1084 2087 1105 2112 2
1128 2087 1209 2112 non
1228 2074 1311 2112 iam
1330 2074 1427 2112 satis
1450 2080 1506 2113 est
1526 2075 1687 2113 consilio
1702 2081 1900 2127 pugnare,

1030 2132 1033 2135 ’
1080 2127 1301 2178 artificium
1314 2128 1511 2178 quoddam
1525 2128 1826 2179 excogitandum
1839 2136 1905 2168 est.

1138 2193 1186 2231 25
1242 2180 1432 2231 dig-nitas,
1472 2181 1551 2230 etc]
1585 2182 1730 2221 Cicero
1757 2183 1907 2234 speaks

1082 2247 1197 2273 more
1222 2234 1366 2285 highly
1390 2234 1438 2273 of
1457 2229 1764 2286 jurisprudence
1789 2236 1832 2274 in
1854 2237 1907 2275 de

1083 2293 1173 2326 orat
1211 2297 1228 2325 1
1266 2289 1311 2336 ἐξ
1348 2287 1571 2338 234-236,
1615 2301 1729 2328 more
1764 2289 1908 2341 highly

1083 2340 1196 2380 still
1186 2354 1228 2379 m
1247 2341 1318 2380 the
1336 2341 1489 2411 speech
1504 2354 1579 2393 pro
1596 2341 1783 2381 Caecina.

1136 2393 1308 2443 tenui]‘
1327 2392 1489 2445 paltry‚’
1526 2395 1702 2446 perhaps
1737 2395 1839 2435 with
1882 2409 1908 2435 a

1082 2448 1225 2487 notion
1243 2447 1320 2486 of‘
1331 2448 1435 2486 hair·
1423 2447 1650 2508 '.⁵plitti¹¹g·⁷
1700 2448 1794 2488 Hor
1811 2449 1853 2487 A
1872 2450 1905 2488 P

1083 2498 1136 2549 46
1165 2500 1212 2540 in
1240 2500 1367 2540 verbis
1393 2501 1512 2540 etiam
1537 2501 1667 2540 tenuis
1696 2507 1911 2554 cautusque

1081 2554 1265 2593 serendis.

1135 2608 1211 2656 res]
1261 2607 1356 2647 ‘the
1398 2606 1572 2655 matter,'
1624 2613 1830 2659 occupatae
1860 2609 1908 2648 in

1083 2660 1233 2700 ‘taken
1251 2673 1308 2712 up
1326 2659 1456 2699 withs

1133 2714 1290 2763 littera]
1310 2714 1517 2766 questions
1532 2713 1580 2753 of
1591 2713 1778 2766 spelling,
1798 2728 1906 2755 com-

1081 2780 1212 2860 pare6
1215 2773 1354 2818 auceps
1383 2767 1643 2819 syllabarum,
1677 2768 1731 2808 de
1767 2774 1857 2808 orat
1889 2778 1906 2807 1

1082 2823 1104 2869 ἓ
1123 2831 1171 2868 23

1134 2874 1518 2926 interpunctionibus
1547 2874 1775 2925 verborum]
1808 2875 1921 2914 such,
