2054 3120
159 138 307 185 XXX
332 133 416 203 62]

715 136 865 186 PRO
908 137 955 185 I.
999 135 1328 185 MURENA
1835 131 1894 191 87

158 242 348 306 pientes
395 257 515 301 esse,
559 241 599 291 si
636 241 963 292 distortissimi
999 241 1110 302 sint,
1149 243 1402 300 formosos,
1452 238 1492 289 si
1529 237 1895 298 mendidssimi,

160 322 348 383 divites,
382 321 422 371 si
455 321 735 372 servitutem
771 321 993 381 serviant,
1024 338 1181 386 reges:
1219 338 1310 370 nos
1333 331 1514 381 autern,
1546 320 1630 383 qui
1655 319 1898 383 sapientes

159 416 262 450 non
298 417 480 462 sumus,
519 401 761 465 fugitivos,
804 403 1010 462 exsules,
1058 402 1238 460 hostes,
1285 390 1482 449 insanos
1530 399 1745 461 denique
1791 413 1898 447 esse

161 483 360 533 dicunt:
398 483 566 533 omnia
595 493 801 546 peccata
831 482 1112 546 esseparia,
1152 498 1300 530 omne
1333 481 1566 530 delictum
1602 481 1760 529 scelus
1792 493 1897 527 esse

161 565 413 625 nefarium,
446 581 539 629 nec
571 563 733 612 minus
769 563 1056 626 delinquere
1092 579 1218 621 eum,
1245 561 1330 624 qui
1353 562 1534 624 gallum
1557 559 1896 623 gallinaceum,

161 662 275 694 cum
313 661 437 708 opus
477 661 580 693 non
625 643 782 704 fuerit,
824 660 972 706 quam
1019 659 1147 703 eum,
1197 641 1282 704 qui
1327 650 1515 704 patrem
1562 637 1898 708 suffocaverit:

162 724 431 788 sapientem
460 724 582 772 nihil
613 722 816 786 opinari,
849 723 1028 771 nullius
1060 722 1129 771 rei
1160 721 1423 785 paenitere,
1453 722 1587 768 nulla
1615 720 1663 767 in
1695 735 1748 767 re
1781 715 1896 776 falli,

162 804 455 854 sententiam
486 813 674 852 mutare
705 820 988 866 numquam.

1060 818 1185 851 xxx.
1228 803 1351 850 haec
1385 802 1536 849 homo
1573 796 1899 862 ingeniosissi-
1922 801 1984 850 62

164 900 286 943 mus,
314 885 370 931 M
398 885 539 942 Cato,
565 882 845 931 auctoribus
881 881 1214 944 eruditissimis
1243 880 1472 929 inductus
1495 878 1708 941 arripuit,
1733 892 1898 939 neque

164 963 445 1027 disputandi
491 980 652 1023 causa,
700 971 754 1012 ut
799 979 977 1025 magna
1022 979 1145 1025 pars,
1195 964 1281 1011 sed
1322 961 1389 1010 ita
1427 959 1636 1010 vivendi.

162 1103 371 1154 βασιλείας
394 1102 514 1151 οὔσης
542 1099 668 1153 ἀρχῆς
693 1100 985 1151 ἀνυπευθεύνου,

164 1158 250 1205 ἥτις
296 1158 384 1208 περὶ
431 1159 567 1205 μόνους
618 1156 667 1195 otu
710 1158 800 1196 τοὺς
844 1157 990 1204 σοφοὺς

164 1212 295 1259 σταίη.
335 1211 498 1250 Freund
513 1210 615 1249 adds
630 1209 819 1249 Lucian's
838 1210 985 1258 words,

167 1265 276 1304 μόνος
295 1262 405 1304 οὗτος
433 1264 565 1311 σοφός,
585 1264 698 1312 μόνος
721 1263 851 1309 καλός,
877 1264 990 1310 μόνος

165 1320 323 1364 δίκαιος,
370 1316 551 1367 ἀνδρεῖος,
601 1316 803 1367 βασιλεύς,
843 1317 984 1367 ῥήτωρ,

167 1369 363 1420 πλούσιος,
389 1373 596 1419 νομοθέτης
616 1372 681 1410 καὶ
703 1371 833 1410 τᾶλλα
859 1371 989 1410 ὁπόσα

165 1424 284 1464 ἐστίν.
371 1425 575 1476 Compare
622 1425 695 1464 Cic
737 1425 790 1464 de
835 1423 892 1463 fin
939 1434 989 1463 IV

133 1478 134 1481 ’
163 1481 185 1527 ἓ
210 1489 258 1529 74
278 1491 377 1518 nam
407 1492 455 1517 ex
475 1478 612 1517 eisdem
639 1478 847 1517 verborum
867 1483 986 1529 prae-

163 1532 290 1584 stigiis
315 1537 351 1571 et
386 1545 510 1583 regna
546 1538 645 1570 nata
680 1531 787 1571 vobis
821 1537 919 1571 sunt
953 1536 991 1570 et

163 1585 332 1638 imperia
351 1591 387 1624 et
403 1586 575 1633 divitiae,
599 1590 635 1624 et
654 1590 790 1624 tantae
813 1585 982 1637 quidem,

163 1645 212 1679 ut
235 1639 372 1679 omnia
399 1652 500 1690 quae
527 1639 669 1690 ubique
691 1638 778 1678 sint
803 1639 992 1690 sapientis

163 1706 239 1733 esse
281 1693 434 1732 dicatis.
489 1693 618 1731 solum
656 1697 859 1744 praeterea
891 1692 987 1743 for-

164 1759 330 1795 mosum,
347 1747 474 1785 solum
493 1746 672 1794 liberum,
691 1747 819 1785 solum
837 1747 958 1785 civem
970 1758 990 1795 ;

162 1801 300 1839 stultos
324 1800 463 1839 omnia
493 1800 712 1848 contraria,
744 1813 840 1851 quos
868 1800 987 1839 etiam

163 1854 328 1893 insanos
363 1867 438 1892 esse
471 1853 607 1901 vultis,
638 1853 758 1892 Acad
777 1863 813 1891 11
833 1855 874 1902 ἓξ
899 1852 986 1904 136,

169 1919 254 1957 144.
316 1907 407 1946 The
443 1906 630 1946 titlesxof
656 1907 725 1946 the
758 1906 982 1956 Paradoxa‚

167 1971 188 2010 5
237 1959 300 1999 ὅτι
351 1961 466 2008 μόνος
512 1959 532 1998 ὁ
586 1959 712 2009 σοφός
767 1958 983 2011 ἐλεύθερος,

163 2012 189 2052 6
215 2015 277 2053 ὅτι
303 2014 414 2061 μόνος
443 2013 462 2052 ὁ
491 2014 615 2063 σοφός
641 2012 842 2060 πλούσιος,
872 2028 898 2063 4
928 2013 990 2052 ὅτι

165 2065 243 2107 πᾶς
294 2066 433 2117 ἄφρων
482 2069 675 2116 μαίνεται,
733 2068 846 2107 shew
893 2068 989 2107 how

166 2121 311 2160 Cicero
361 2122 577 2172 coquetted
627 2121 727 2160 with
779 2121 983 2161 Stoicism.

167 2174 264 2224 [See
283 2174 369 2213 also
387 2175 457 2214 the
475 2175 620 2214 banter
639 2175 685 2214 of
707 2175 872 2214 Horace
892 2175 988 2227 Epp

112 2233 115 2237 “
167 2238 183 2267 1
223 2241 239 2267 1
281 2227 504 2276 106—108,
544 2228 616 2268 Sat
647 2239 663 2268 1
702 2242 724 2280 3
764 2240 985 2279 124—142,

171 2290 208 2320 11
230 2293 252 2331 3
277 2281 469 2332 40--46·]

217 2335 439 2374 servitutem
458 2335 652 2384 serviant]
680 2348 872 2397 compare
892 2335 988 2375 Gel-

166 2387 243 2428 lius
262 2397 295 2427 11
319 2390 365 2427 18
386 2391 406 2438 ἓ
425 2401 450 2442 9
469 2389 661 2440 Diogenes
678 2390 795 2428 etiam
816 2389 990 2451 Cynicus

165 2441 387 2481 servitutem
434 2443 607 2491 servivit,
650 2443 720 2482 the
762 2443 908 2495 phrase
955 2443 990 2482 is

166 2495 337 2540 archaic‚
358 2509 449 2547 says
469 2497 598 2547 Quint
617 2506 684 2535 V11
706 2508 728 2546 3
749 2498 768 2544 ἓ
789 2495 852 2535 26.
912 2496 990 2536 See

129 2598 134 2602 .
173 2547 271 2587 Prof
296 2549 476 2600 Mayor's
512 2556 609 2590 note
640 2563 694 2590 on
725 2551 801 2590 Cic
832 2550 926 2589 Phil
954 2560 989 2588 11

170 2602 192 2649 ἓ
213 2613 262 2650 42
283 2602 386 2641 dicta
404 2603 536 2644 dicere.

218 2655 386 2695 omnia..
395 2657 670 2708 suffocaverit]
733 2656 894 2708 ἀρέσκει
945 2671 990 2696 τε

166 2705 300 2748 αὐτοῖς
331 2710 399 2748 ἴσα
422 2710 608 2760 ἡγεῖσθαι
630 2714 682 2750 τὰ.
708 2711 987 2761 ἁμαρτήματα·

190 2762 257 2800 .εἰ
279 2762 359 2812 γὰρ
384 2763 526 2811 ἀληθὲς
549 2765 718 2813 ἀληθοῦς
743 2764 894 2811 μᾶλλον
922 2766 991 2804 οὐκ

169 2815 289 2861 ἔστιν,
336 2814 423 2855 οὐδὲ
469 2814 607 2866 ψεῦδος
654 2817 829 2869 ψεύδους,
868 2817 990 2857 οὕτως

169 2865 257 2907 οὐδὲ
294 2868 430 2917 ἀπάτη
457 2868 622 2920 ἀπάτης,
655 2870 742 2911 οὐδὲ
775 2872 990 2921 ἁμάρτημα

169 2921 459 2970 αμαρτήματος.
497 2924 724 2989 Compare
759 2925 812 2965 de
848 2925 905 2964 fin
942 2935 989 2965 IV

169 2975 190 3024 ἓ
213 2984 272 3024 74,
294 2975 426 3015 Parad
447 2989 470 3028 3
483 2975 551 3018 ὅτι
570 2979 639 3017 ἴσα
657 2979 708 3018 τὰ
725 2977 991 3030 ἁμαρτήματα

1724 957 1899 1022 petunt

1071 1104 1135 1142 καὶ
1174 1103 1226 1142 τὰ
1262 1099 1562 1153 κατορθώματα.
1639 1101 1733 1140 Hor
1772 1099 1846 1141 Sat
1883 1109 1901 1138 1

1123 1155 1277 1195 6—12

1051 1171 1095 1252 ⁹3
1123 1171 1534 1283 ipinari‘i'emphatic.
1555 1208 1722 1248 Never‘
1731 1207 1898 1247 fancies

1070 1277 1116 1303 or
1148 1266 1367 1315 ‘supposes
1383 1263 1627 1314 ’anything.
1684 1263 1744 1300 ἔτι
1771 1275 1816 1300 τε
1844 1275 1899 1308 μη

1070 1318 1248 1366 δοξάσειν
1274 1316 1344 1356 τόν
1374 1318 1516 1366 σοφόν
1553 1317 1738 1355 τουτέστι
1767 1317 1904 1366 ψευδεῖ

1070 1386 1125 1419 μη
1116 1371 1517 1420 συγκαταθήσεσθαι
1528 1371 1676 1418 μηδενί.
1696 1370 1766 1408 He
1778 1369 1898 1408 alone

1069 1438 1273 1477 possesses
1303 1431 1391 1464 true
1420 1424 1677 1475 knowledge
1736 1423 1814 1463 See
1843 1435 1899 1462 on

1069 1479 1314 1531 opinione§§
1336 1477 1400 1525 62,
1425 1480 1487 1526 78.

1123 1546 1202 1571 xxx
1238 1532 1287 1571 62
1346 1531 1584 1580 auctoribus]
1620 1530 1691 1570 the
1720 1530 1899 1569 ablative

1071 1586 1119 1625 of
1141 1586 1211 1625 the
1237 1598 1392 1632 means,
1412 1598 1456 1625 as
1484 1585 1555 1624 the
1582 1597 1731 1637 person
1759 1585 1899 1623 stands

1069 1640 1134 1679 for
1160 1639 1230 1678 the
1258 1640 1375 1691 thing
1399 1639 1582 1691 implied‚
1615 1639 1712 1678 here
1740 1638 1802 1677 for
1830 1638 1899 1677 the

1070 1693 1286 1732 auctoritas
1313 1693 1359 1732 of
1383 1693 1447 1732 his
1475 1693 1671 1732 teachers.
1729 1692 1901 1743 Madvig

1070 1749 1092 1796 ἕ
1114 1759 1134 1785 2
1140 1757 1204 1797 54,
1228 1747 1302 1786 obs
1320 1759 1353 1798 3.
1396 1747 1600 1798 Compare
1618 1759 1694 1797 pro
1709 1746 1788 1784 Mil
1806 1747 1826 1794 ἓ
1847 1758 1899 1796 47

1070 1801 1199 1840 iacent
1232 1801 1317 1839 suis
1351 1800 1507 1839 testibus
1521 1818 1558 1833 =
1577 1800 1640 1840 liis
1671 1800 1903 1839 testimoniis

1067 1854 1151 1906 just
1170 1854 1314 1903 above,
1338 1854 1400 1893 Ar
1421 1854 1531 1894 Rhet
1550 1863 1567 1893 1
1601 1864 1646 1904 15
1668 1854 1687 1901 ἓ
1704 1865 1749 1892 21
1774 1852 1902 1892 ὁποῖοι

1070 1910 1150 1958 γὰρ
1179 1907 1226 1946 ἅν
1251 1922 1352 1948 τινες
1381 1906 1474 1946 ὦσιν
1496 1909 1530 1946 οἱ
1568 1908 1902 1957 ἐπιγεγραμμένοι

1071 1961 1098 2010 ἢ
1134 1962 1413 2011 φυλάττοντες,
1451 1960 1601 2001 τούτοις
1639 1963 1680 1999 αἱ
1711 1961 1901 2009 συνθῆκαι

1073 2017 1214 2054 πισταί
1236 2016 1343 2053 εἰσιν.

1126 2069 1323 2120 arripuit]
1359 2068 1523 2120 eagerly
1553 2068 1704 2119 caught
1736 2081 1806 2120 up,
1843 2070 1900 2108 ie

1072 2123 1125 2162 he
1144 2136 1227 2162 was
1246 2123 1492 2174 over-hasty.
1554 2122 1761 2174 Compare
1790 2124 1810 2170 ξ
1837 2134 1897 2172 13,

1074 2177 1153 2216 Cat
1179 2178 1310 2215 maior
1335 2177 1356 2224 ἓ
1383 2175 1449 2224 26,
1479 2175 1592 2216 Corn
1619 2176 1764 2228 Nepos
1793 2176 1900 2215 Cato

1071 2230 1116 2269 iii
1147 2242 1182 2270 2.
1241 2230 1298 2270 So
1334 2230 1525 2269 inductus
1555 2229 1656 2269 with
1688 2229 1834 2281 glance
1859 2235 1902 2275 at

1073 2297 1188 2324 sense
1206 2283 1255 2322 of
1273 2281 1467 2330 ‘misled,'
1492 2283 1638 2323 ‘taken
1657 2282 1728 2322 in.'

1125 2337 1376 2389 disputandi]
1418 2340 1427 2358 ‘
1442 2335 1695 2388 theorizing.'
1724 2337 1901 2384 vivendi,

1071 2391 1135 2431 for
1153 2404 1177 2430 a
1195 2391 1282 2430 rule
1300 2390 1346 2430 of
1359 2390 1441 2430 life.

1126 2450 1175 2483 ut
1204 2457 1355 2495 magna
1379 2444 1499 2496 pars]
1534 2457 1580 2484 so
1609 2444 1655 2484 of
1682 2444 1902 2506 Helvidius

1075 2498 1235 2537 Priscus
1254 2499 1340 2537 Tae
1370 2498 1414 2537 H
1444 2507 1494 2537 IV
1523 2508 1544 2546 5
1575 2511 1667 2550 says
1694 2498 1902 2550 ingenium

1073 2552 1230 2591 illustre
1252 2551 1461 2590 altioribus
1483 2552 1626 2591 studiis
1649 2552 1805 2591 iuvenis
1832 2553 1902 2591 ad-

1074 2606 1236 2645 modum
1267 2605 1373 2644 dedit
1397 2618 1480 2645 non
1510 2611 1557 2645 ut
1571 2606 1765 2657 plerique,
1796 2605 1902 2657 (quo)

1074 2659 1237 2698 nomine
1253 2658 1464 2710 magnifico
1476 2671 1590 2711 segne
1605 2659 1729 2699 otium
1742 2660 1897 2708 velaret,

1073 2713 1141 2751 sed
1154 2712 1407 2764 quofirmior
1422 2713 1612 2752 adversus
1618 2713 1798 2765 fortuita
1820 2726 1902 2752 rem

1066 2767 1271 2818 publicam
1285 2771 1499 2818 capesseret.
1543 2767 1626 2806 For
1646 2779 1796 2818 magna
1802 2772 1904 2819 pars

1073 2832 1264 2871 compare
1285 2819 1379 2858 Hor
1399 2819 1427 2860 S
1448 2830 1464 2859 1
1485 2819 1511 2860 6
1530 2832 1595 2871 90

1119 2878 1267 2924 petunt
1300 2873 1381 2923 etc]
1434 2832 1554 2913 here9
1578 2887 1602 2912 a
1645 2873 1818 2912 number
1860 2872 1908 2913 of

1074 2939 1187 2966 cases
1216 2939 1284 2966 are
1319 2932 1407 2978 put,
1443 2927 1487 2966 in
1515 2926 1651 2967 which
1680 2927 1750 2966 the
1790 2927 1903 2968 Stoic

1076 2980 1183 3020 rules
1215 2979 1343 3020 break
1380 2981 1514 3020 down.
1572 2981 1663 3020 The
1693 2993 1901 3021 conversa-
