2054 3120
129 123 190 183 38
682 118 831 168 PRO
874 119 920 166 L
965 114 1291 166 MURENA
1700 110 1767 178 [v
1798 130 1816 160 1
1831 128 1851 159 1

128 224 389 289 dignitatis,
416 223 605 274 tertiam
629 223 679 271 in
704 221 983 271 criminibus
1015 219 1226 272 ambitus
1257 235 1365 268 esse
1387 227 1638 268 versatam.
1709 229 1857 282 atque

127 307 298 354 harum
322 306 466 354 trium
489 303 696 367 partium
721 303 994 365 primailla,
1021 317 1147 364 quae
1181 293 1462 365 gravissima
1496 302 1707 349 debebat
1736 318 1855 359 esse,

103 417 106 423 ·
128 384 196 432 ita
219 384 308 432 fuit
331 385 521 431 infirma
545 393 594 431 et
616 383 749 442 levis,
775 391 830 430 ut
860 381 970 430 illos
1005 382 1084 429 lex
1111 379 1264 442 magis
1288 381 1530 442 quaedam
1554 379 1858 428 accusatoria

131 455 279 526 quam
313 474 428 511 vera
461 464 590 511 male
626 461 824 510 dicendi
869 462 1071 522 facultas
1108 460 1171 508 de
1206 459 1304 519 vita
1339 461 1381 506 L
1417 461 1655 507 Murenae
1690 460 1856 507 dicere

73 578 78 583 x
131 543 316 605 aliquid
340 541 566 604 coegerit.
638 540 832 590 obiecta
856 549 928 588 est
953 539 1082 587 enim
1107 538 1257 598 Asia.
1293 554 1419 600 quae
1449 539 1512 586 ab
1541 539 1636 586 hoc
1664 554 1765 586 non
1793 539 1856 586 ad

130 625 437 686 voluptatem
482 631 532 670 et
576 621 832 669 luxuriam
860 620 1074 690 expetita
1112 629 1198 679 est,
1242 620 1328 667 sed
1371 618 1421 666 in
1462 608 1655 671 militari
1692 621 1857 687 labore

130 709 397 775 peragrata.
470 700 553 762 qui
597 700 636 748 si
677 701 966 747 adulescens
1001 708 1138 761 patre
1179 714 1266 746 suo
1302 697 1591 760 imperatore
1626 714 1726 746 non
1762 715 1859 746 me-

129 780 316 839 ruisset,
343 788 427 828 aut
451 780 644 827 hostem
673 787 757 826 aut
789 779 937 840 patris
969 778 1225 840 imperium
1260 777 1476 825 timuisse
1500 786 1583 824 aut
1606 794 1636 824 a
1658 786 1859 839 parente

130 850 413 922 repudiatus
459 875 565 907 esse
611 859 867 907 videretur.
938 874 1002 906 an
1048 875 1159 906 cum
1207 859 1374 906 sedere
1420 858 1471 905 in
1518 857 1653 919 equis
1700 858 1860 905 trium-

131 939 390 1003 phantium
425 939 710 1001 praetextati
745 937 1052 1000 potissimum
1087 938 1171 985 filii
1208 939 1409 996 soleant,
1435 938 1549 984 huic
1574 937 1716 986 donis
1741 937 1861 984 mili-

131 1021 314 1069 taribus
355 1021 505 1083 patris
546 1020 843 1082 triumphum
886 1020 1115 1067 decorare
1152 1012 1434 1081 fugiendum
1477 1017 1579 1077 fuit,
1622 1027 1675 1066 ut
1715 1019 1860 1087 rebus

49 1111 106 1157 12
132 1098 459 1148 communiter
492 1099 640 1161 gestis
674 1101 831 1161 paene
868 1098 1010 1146 simul
1044 1114 1156 1145 cum
1191 1107 1327 1160 patre
1363 1098 1713 1160 triumpharet?
1781 1082 1860 1145 hic

130 1197 262 1240 vero,
302 1179 503 1240 iudices,
544 1189 593 1228 et
629 1180 718 1228 fuit
758 1180 808 1227 in
843 1179 961 1227 Asia
997 1187 1046 1227 et
1079 1180 1182 1227 viro
1217 1178 1493 1238 fortissimo,
1529 1178 1717 1240 parenti
1741 1195 1860 1236 suo,

131 1277 312 1321 magno
336 1262 619 1309 adiumento
644 1260 694 1307 in
718 1260 955 1323 periculis,
986 1261 1168 1309 solacio
1193 1260 1242 1308 in
1267 1261 1531 1319 laboribus,
1553 1259 1862 1322 gratulationi

131 1339 183 1387 in
218 1339 420 1388 victoria
454 1339 573 1404 fuit:
616 1348 665 1387 et
700 1339 740 1387 si
774 1341 922 1388 habet
958 1339 1075 1387 Asia
1109 1340 1428 1402 suspitionem
1465 1339 1678 1388 luxuriae
1714 1330 1863 1402 quan-

133 1421 262 1480 dam,
302 1436 403 1468 non
439 1420 607 1467 Asiam
648 1435 916 1481 numquam
954 1419 1147 1479 vidisse,
1192 1421 1278 1467 sed
1320 1420 1370 1467 in
1405 1420 1524 1467 Asia
1557 1419 1864 1468 continenter

180 1603 368 1652 ambitus]
411 1605 600 1654 ‘corrupt
644 1601 871 1654 practices,’
911 1602 960 1641 of
1036 1597 1263 1642 relations.¹
1334 1602 1425 1641 The
1453 1601 1566 1641 elder
1591 1613 1686 1640 sons
1714 1600 1750 1639 if
1778 1599 1863 1640 still

126 1657 259 1696 which
275 1657 387 1696 there
399 1670 505 1696 were
519 1664 601 1696 two
613 1657 724 1695 main
738 1656 949 1704 branches,
1032 1656 1272 1707 praetextati
1301 1655 1335 1703 (ι’
1355 1669 1376 1694 e
1410 1662 1483 1694 not
1510 1661 1577 1706 yet
1614 1654 1662 1693 of
1696 1667 1772 1704 age
1801 1654 1863 1693 for

131 1711 186 1760 (a)
217 1710 363 1762 simple
390 1711 552 1761 bribery
580 1709 627 1748 of
648 1716 784 1748 voters
816 1711 954 1761 (largi-

57 1769 62 1774 '
127 1764 210 1812 tz',0)
243 1764 324 1802 and
354 1763 413 1814 (b)
434 1764 503 1802 the
530 1776 601 1802 use
621 1763 667 1801 of
680 1763 955 1802 iritimidation

129 1817 183 1868 by
201 1817 345 1856 bribed
363 1829 491 1868 gangs
519 1816 750 1865 (sodalzcia).
799 1810 955 1855 Festus

129 1870 283 1909 defines
302 1870 332 1909 it
351 1870 559 1921 generally
583 1883 627 1908 as
651 1870 803 1908 crimen
829 1870 955 1921 adfec—

128 1924 205 1962 tati
221 1925 392 1962 honoris.

182 1977 261 2026 lex]
280 1989 347 2015 see
366 1979 386 2024 ἓ
407 1986 428 2025 5
449 1981 546 2015 note
565 1988 618 2014 on
641 1989 739 2014 eam.

183 2031 288 2068 male
301 2030 471 2078 dicendi]
491 2043 594 2068 even
608 2029 655 2068 of
669 2035 756 2068 true
769 2028 948 2080 charges.

131 2083 336 2134 Compare
355 2085 375 2131 ἓ
400 2095 457 2132 13.

182 2137 303 2185 Asia]
332 2137 346 2175 i
365 2150 388 2175 e
406 2136 469 2175 his
489 2135 559 2175 life
577 2135 619 2174 in
639 2135 726 2174 that
742 2135 947 2187 province.

129 2189 193 2228 for
238 2190 290 2228 its
335 2190 566 2241 reputation
613 2202 804 2240 compare
852 2189 952 2228 with

133 2242 261 2282 Halm
291 2243 345 2282 ad
375 2242 413 2292 Q
433 2244 598 2281 fratrem
630 2252 645 2281 1
689 2254 703 2280 1
728 2244 748 2290 ἓ
781 2254 839 2294 19,
869 2255 952 2280 cor-

130 2298 295 2347 ruptrix
313 2297 539 2347 provincia,
565 2296 651 2334 also
676 2295 762 2334 Tac
789 2297 879 2346 Agr
909 2294 946 2343 6,

131 2349 214 2395 Liv,
229 2359 380 2388 xxx1v
401 2365 437 2399 4,
462 2359 612 2387 xxxrx
633 2347 669 2396 6,
694 2348 827 2387 below
847 2350 867 2396 g
887 2361 950 2388 20.

182 2403 296 2453 quae]
316 2403 580 2448 adversative,
611 2415 655 2441 as
678 2402 720 2440 in
743 2415 817 2453 pro
842 2402 952 2440 Rosc

131 2455 260 2494 Amer
291 2458 313 2504 ξ
346 2457 407 2505 83.
477 2455 617 2494 Halm.
684 2456 788 2493 ‘and
822 2461 889 2506 yet
919 2455 952 2494 it

129 2521 212 2548 was
247 2515 321 2547 not
353 2509 441 2547 that
479 2509 532 2547 he
571 2508 718 2560 sought
755 2508 857 2547 after
898 2508 949 2547 its

128 2562 284 2613 luxury,
301 2562 375 2601 but
389 2561 450 2600 ’...

181 2616 227 2654 in
248 2615 421 2654 militari
438 2614 582 2663 labore]
602 2614 643 2653 in
663 2614 733 2654 the
753 2627 893 2653 course
909 2613 957 2653 of

129 2668 228 2707 hard
248 2668 401 2707 service
420 2668 463 2706 in
481 2668 551 2706 the
570 2667 681 2707 field.

180 2721 398 2770 meruisset]
411 2721 618 2771 suspendia.

178 2774 409 2826 imperium]
437 2774 598 2824 hinting
622 2773 711 2813 that
729 2773 799 2812 the
818 2773 950 2813 father

127 2841 210 2867 was
227 2841 253 2868 a
271 2827 473 2867 martinet.

180 2881 226 2920 in
243 2881 366 2932 equis]
394 2881 436 2919 in
455 2880 525 2919 the
543 2879 766 2931 triumphal
792 2892 861 2919 car
885 2884 949 2919 sat

127 2934 227 2974 with
245 2934 314 2974 the'
330 2933 495 2985 general
513 2933 575 2973 his
594 2933 776 2973 children
788 2946 834 2972 or
851 2945 949 2972 near

1037 1710 1182 1760 taking
1199 1709 1270 1748 the
1294 1715 1382 1760 toga
1405 1708 1552 1755 m'n'lzlr)
1582 1707 1681 1746 rode
1710 1721 1764 1745 on
1792 1707 1862 1746 the
1914 1751 1920 1761 Ι

1035 1763 1175 1802 horses
1194 1763 1281 1802 that
1300 1763 1411 1800 drew
1429 1761 1606 1800 near'.the
1624 1773 1702 1800 car.
1739 1761 1862 1799 Com-

1037 1829 1135 1867 pare
1166 1815 1252 1854 Tac
1284 1816 1383 1854 Ann
1410 1824 1541 1864 11‹41,
1577 1814 1676 1854 Suet
1705 1814 1786 1852 Tib
1819 1813 1857 1852 6.

1037 1870 1265 1920 Grown—up
1284 1881 1378 1907 sons
1396 1868 1496 1906 rode
1514 1867 1616 1906 aster
1634 1867 1703 1905 the
1722 1880 1789 1905 car
1807 1879 1862 1905 on

1036 1922 1141 1961 their
1159 1935 1255 1961 own
1274 1922 1429 1960 horses.
1459 1921 1663 1972 Compare
1678 1921 1756 1959 Liv
1771 1929 1860 1958 XLV

1063 1989 1100 2015 o.

1036 1991 1061 2026 4
1080 2027 1352 2079 potissimum]
1374 2031 1384 2049 ‘
1398 2040 1466 2066 are
1485 2026 1692 2078 generally
1707 2026 1856 2065 chosen

1035 2086 1078 2120 to
1098 2080 1238 2121 sit’...‘
1254 2083 1308 2132 by
1327 2079 1587 2132 preference.'
1653 2081 1860 2131 Compare

1033 2137 1077 2183 ἓξ
1096 2145 1155 2184 75,
1181 2147 1245 2186 90,
1273 2147 1308 2184 3,
1334 2146 1398 2186 29·

1087 2188 1218 2237 donis]
1237 2188 1365 2239 prizes
1383 2187 1446 2226 for
1463 2186 1618 2226 valour.

1087 2241 1281 2289 decorare]
1327 2241 1429 2280 after
1470 2240 1717 2292 fugiendum
1750 2239 1853 2289 suit.

1035 2294 1137 2333 This
1157 2294 1430 2341 construction
1450 2293 1484 2332 is
1502 2293 1630 2332 found
1649 2293 1692 2331 in
1712 2292 1857 2331 Cicero

1034 2361 1129 2387 now
1156 2348 1236 2386 and
1266 2347 1375 2392 then,
1406 2360 1450 2386 as
1476 2347 1519 2386 in
1547 2347 1599 2385 de
1627 2351 1714 2384 orat
1749 2353 1801 2383 111
1834 2347 1855 2392 ἕ

1041 2412 1126 2452 153.
1189 2401 1228 2440 It
1255 2401 1289 2439 is
1318 2412 1507 2439 common
1543 2399 1587 2438 in
1624 2399 1694 2437 the
1721 2407 1852 2450 poets‚

1036 2467 1080 2493 as
1112 2454 1204 2493 Hor
1223 2453 1347 2493 Carm
1369 2463 1384 2492 1
1423 2465 1448 2504 9
1490 2465 1551 2503 13.

1085 2507 1195 2556 ut]=
1204 2507 1261 2545 ita
1289 2512 1346 2552 ut,
1370 2519 1414 2545 as
1435 2505 1636 2544 Matthiae
1654 2503 1849 2544 remarks.

1034 2559 1094 2599 So
1119 2563 1140 2608 ἓ
1171 2571 1220 2610 37
1251 2566 1296 2598 ut
1311 2564 1514 2610 putarent.
1572 2558 1612 2597 It
1638 2558 1673 2596 is
1704 2557 1855 2608 closely

1033 2615 1288 2652 consecutive
1307 2612 1408 2651 after
1424 2612 1614 2650 decorare.

1089 2679 1134 2706 12
1188 2666 1295 2714 vero]
1341 2665 1534 2715 certainly
1575 2664 1628 2703 he
1674 2676 1758 2702 was
1811 2663 1854 2703 in

1032 2719 1134 2758 Asia
1161 2719 1260 2767 [and
1287 2718 1408 2757 while
1437 2718 1549 2757 there
1583 2717 1655 2756 did
1690 2716 1860 2755 himself

1033 2772 1190 2820 credit}

1081 2825 1202 2874 Asia]
1223 2837 1290 2864 see
1308 2837 1362 2863 on
1383 2825 1404 2872 ἕ
1429 2837 1490 2863 11.

1081 2879 1212 2928 habet]
1231 2891 1298 2918 see
1317 2890 1371 2918 on
1389 2880 1410 2927 ἕ
1428 2875 1495 2917 68.
