2054 3120
151 766 212 814 '72
238 778 374 810 orum
403 763 465 810 ab
499 763 595 810 hoc
625 771 787 810 vetere
828 762 1047 810 instituto
1085 762 1353 811 officiorum
1383 765 1649 813 excludere.

243 97 303 155 96
701 115 706 119 ·
803 97 952 146 PRO
995 99 1041 146 L
1085 99 1408 148 MURENA
1633 97 1879 166 [XXXIV
1905 115 1960 162 71

239 202 359 250 nihil
392 203 556 251 valent
600 201 763 265 gratia.
835 202 926 265 ipsi
971 203 1183 266 denique
1217 213 1270 253 ut
1305 206 1464 253 solent
1500 205 1635 267 loqui
1669 222 1770 254 non
1806 205 1967 254 dicere

237 298 327 343 pro
361 281 518 341 nobis,
566 297 666 329 non
703 283 958 343 spondere,
994 298 1095 339 non
1130 299 1303 331 vocare
1339 285 1541 332 domum
1577 301 1713 332 suam
1748 294 1963 347 possunt.

238 371 384 424 atque
419 362 541 409 haec
574 379 604 409 a
637 361 780 410 nobis
826 370 1000 424 petunt
1045 363 1212 410 omnia
1256 379 1417 426 neque
1457 365 1556 411 ulla
1600 380 1650 412 re
1696 364 1803 422 alia,
1841 381 1967 427 quae

237 457 267 488 a
289 441 433 489 nobis
459 450 836 503 consequuntur,
869 441 962 489 nisi
991 458 1139 503 opera
1167 458 1253 489 sua
1281 442 1585 504 compensari
1609 451 1781 504 putant
1803 458 1963 505 posse.

237 521 402 584 itaque
448 531 496 570 et
542 520 636 583 legi
683 520 876 580 Fabiae,
921 538 1045 583 quae
1094 531 1166 570 est
1206 523 1269 571 de
1314 539 1516 571 numero
1563 532 1868 582 sectatorum,
1917 533 1967 572 et

238 610 432 650 senatus
469 603 706 660 consulto,
744 602 879 663 quod
915 611 988 650 est
1024 604 1066 649 L
1102 603 1311 651 Caesare
1347 605 1546 652 consule
1591 606 1789 663 factum,
1835 607 1967 654 resti-

236 691 396 730 terunt
416 699 429 742 3
463 682 596 729 nulla
620 691 692 729 est
716 681 846 730 enim
870 698 1045 744 poena,
1084 698 1211 744 quae
1247 682 1401 745 possit
1435 685 1791 733 observantiam
1816 686 1967 734 tenui·

1726 768 1802 814 ‘at
1834 782 1967 828 spec-

234 845 395 891 tacula
427 852 538 892 sunt
572 842 787 892 tributim
825 844 940 892 data
970 853 1017 892 et
1047 845 1115 906 ‘ad
1145 844 1404 907 prandium
1435 847 1581 907 vulgo
1618 845 1807 893 vocati!
1876 848 1965 896 etsi

234 924 332 971 hoc
362 925 543 972 factum
573 941 602 972 a
638 926 847 972 Murena
876 924 1092 984 omnino,
1118 924 1316 983 iudices,
1343 942 1441 973 non
1470 937 1555 985 est,
1583 928 1644 974 ab
1671 926 1773 975 eius
1797 927 1965 976 amicis
2001 933 2011 936 “

234 1013 397 1051 autem
431 1019 566 1051 more
604 1012 651 1051 et
685 1005 836 1052 modo
870 1005 1051 1052 factum
1088 1013 1172 1065 est,
1222 998 1397 1064 tamen
1437 1005 1718 1053 admonitus
1764 1022 1814 1054 re
1859 1007 1966 1069 ipsa

233 1085 475 1143 recordor,
513 1093 749 1146 quantum
772 1085 866 1132 hae
890 1085 1269 1146 conquestiones
1301 1084 1351 1131 in
1384 1094 1553 1133 senatu
1588 1085 1784 1134 habitae
1817 1102 1966 1148 punc-

233 1175 392 1212 torum
427 1165 584 1224 nobis,
621 1165 766 1223 Servi,
806 1166 1111 1214 detraxerint.
1198 1167 1332 1228 quod
1367 1167 1498 1216 enim
1533 1176 1724 1229 tempus
1759 1167 1847 1216 fuit
1881 1179 1968 1217 aut

231 1254 397 1293 nostra
430 1255 514 1293 aut
548 1255 739 1308 patrum
774 1254 1048 1294 nostrorum
1082 1246 1329 1305 memoria,
1356 1263 1454 1308 quo
1478 1248 1612 1306 haec,
1641 1247 1739 1295 sive
1763 1248 1966 1298 ambitio

233 1330 305 1369 est
342 1321 439 1369 sive
475 1321 750 1379 liberalitas,
786 1338 887 1370 non
916 1322 1070 1382 fuerit,
1111 1332 1165 1371 ut
1196 1324 1332 1371 locus
1370 1333 1418 1371 et
1454 1323 1504 1370 in
1536 1323 1666 1372 circo
1700 1334 1747 1372 et
1781 1324 1832 1372 in
1860 1326 1965 1374 foro

190 1498 195 1502 ⁸
230 1478 368 1528 ignoti,
401 1478 527 1516 millis
558 1477 882 1528 rzffngantibus,
912 1478 1060 1516 honore

232 1532 436 1582 adjiciant,
471 1531 526 1570 ie
559 1532 731 1571 without
764 1532 833 1572 the
856 1531 1055 1571 interven·

232 1585 319 1624 tion
349 1584 396 1624 of
421 1584 711 1636 suffi‘agatores.
775 1585 977 1636 Compare
1011 1586 1056 1633 ἐξ

238 1637 298 1686 16,
322 1653 384 1689 44.
450 1639 574 1678 Sorof
597 1639 713 1678 takes
744 1639 873 1676 si=si
900 1639 1054 1690 quidem

233 1693 315 1731 and
347 1697 396 1730 ut
425 1692 553 1731 either
582 1692 854 1742 concessively
882 1705 928 1730 or
956 1692 1059 1731 after

229 1746 365 1784 valent
383 1746 449 1794 (he
468 1746 502 1784 is
521 1751 592 1784 not
611 1746 719 1784 clear
737 1758 790 1784 on
810 1746 889 1785 this
907 1744 1037 1797 point)
1047 1759 1058 1793 ;

230 1800 283 1838 he
311 1800 449 1838 denies
477 1799 563 1838 also
591 1799 678 1838 that
705 1800 782 1838 erit
799 1813 874 1838 can
893 1800 945 1838 be
964 1812 1055 1851 sup-

230 1853 352 1904 plied.
415 1854 495 1891 But
523 1853 544 1891 I
574 1853 655 1892 still
682 1853 800 1891 think
825 1853 894 1892 the
926 1853 1057 1891 above

231 1906 490 1957 explanation
509 1907 610 1951 best,
633 1907 714 1945 and
741 1907 890 1958 Zumpt
918 1919 1056 1957 agrees

231 1960 331 1998 with
350 1960 395 1998 it.

283 2013 486 2064 spondere]
512 2013 682 2052 become
711 2013 884 2063 security
902 2012 965 2051 for
990 2026 1049 2052 us.

230 2079 306 2118 pro
333 2067 459 2105 Plane
484 2069 504 2114 ἓ
525 2077 575 2116 47
599 2066 707 2118 quod
734 2067 871 2105 multis
898 2066 1059 2118 benigne

218 2120 371 2172 fecerit,
386 2126 465 2170 pro
484 2121 622 2158 multis
639 2121 895 2170 spoponderit.

284 2173 524 2225 legiFabiae]
539 2173 712 2224 nothing
725 2186 838 2212 more
854 2173 887 2212 is
902 2173 1050 2212 known

232 2228 357 2266 about
376 2227 469 2266 this.
533 2227 739 2277 Probably
757 2227 789 2265 it
806 2239 890 2266 was
909 2227 1054 2277 passed

232 2281 356 2319 about
376 2290 436 2319 BC
465 2279 516 2319 66
538 2293 583 2319 or
606 2278 654 2330 65
682 2293 726 2319 as
752 2294 776 2319 a
797 2281 1054 2331 supplement

231 2341 274 2374 to
293 2334 363 2373 the
382 2334 446 2372 lex
468 2334 706 2385 Calpurnia.
763 2334 922 2384 Zumpt.

282 2388 321 2426 L
357 2388 522 2427 Caesare
549 2387 718 2435 consule]
749 2397 809 2425 BC
839 2386 902 2435 64.
964 2387 1054 2426 The

230 2441 442 2480 definition
470 2441 517 2479 of
539 2441 608 2479 the
636 2443 734 2480 time
761 2441 817 2491 by
844 2441 912 2479 the
934 2453 1056 2479 name

230 2494 278 2533 of
299 2507 371 2533 one
405 2494 546 2533 consul
583 2495 680 2545 only
711 2494 747 2533 is
783 2502 944 2545 strange
980 2494 1054 2532 but

229 2561 419 2599 compare
438 2548 490 2585 de
509 2561 610 2598 prov
629 2560 727 2586 cons
746 2549 831 2596 §45
852 2548 985 2586 Iulias
1002 2548 1052 2586 le-

228 2615 291 2649 fres
304 2606 340 2639 et
350 2606 490 2639 ceteras
504 2601 572 2639 illo
583 2602 738 2639 consule
750 2606 920 2651 rogatas.
956 2601 1052 2639 Pro-

228 2654 354 2705 bably
373 2655 469 2704 only
488 2655 556 2693 the
584 2654 724 2693 consul
743 2654 837 2693 who
864 2654 1052 2706 presided

227 2715 269 2747 at
287 2708 356 2747 the
374 2708 550 2746 debate
539 2720 573 2746 1s
598 2708 845 2746 mentioned.
904 2707 1044 2747 Halm.

227 2761 443 2811 Nothing
433 2774 467 2800 Is
486 2760 637 2799 known
656 2761 703 2799 of
716 2761 786 2799 the
803 2766 960 2800 matter.

281 2815 531 2863 restiterunt]
558 2814 656 2865 paid
688 2827 743 2853 no
775 2814 975 2853 attention
1007 2819 1050 2853 to

226 2867 271 2914 it,
292 2867 413 2906 made
431 2867 462 2906 it
481 2880 506 2906 a
525 2867 630 2906 dead
648 2867 776 2907 letter.

185 2922 188 2925 ’
283 2932 330 2973 72
350 2921 584 2972 spectacula]
608 2927 714 2960 seats
737 2920 799 2959 for
817 2921 957 2972 seeing
979 2921 1048 2960 the

1140 1491 1279 1529 games
1313 1478 1429 1518 from.
1487 1479 1692 1530 Compare
1724 1493 1799 1531 pro
1831 1481 1967 1529 Sest§

1150 1546 1232 1581 124,
1276 1533 1355 1571 Liv
1393 1543 1407 1571 Ι
1448 1544 1469 1582 3
1475 1545 1496 1582 5
1535 1533 1607 1572 ubi
1638 1535 1857 1584 spectacula
1892 1535 1969 1574 sibi

1141 1587 1304 1636 quisque
1309 1586 1496 1636 facerent
1499 1618 1593 1626 ......
1599 1592 1814 1637 spectavere
1826 1588 1967 1638 fitrcis

1140 1641 1355 1689 spectacula
1380 1641 1466 1678 alta
1492 1641 1787 1687 sustinentibus,
1809 1651 1902 1679 XLV
1926 1655 1960 1689 1,

1143 1693 1251 1731 Ovid
1272 1700 1354 1732 met
1373 1703 1405 1732 X
1431 1691 1509 1732 668
1535 1700 1724 1732 resonant
1748 1696 1965 1745 spectacula

1133 1747 1299 1797 plausu.

1192 1800 1265 1838 etsi
1268 1831 1363 1839 ......
1369 1800 1520 1848 tamen]
1530 1800 1683 1850 though
1698 1800 1778 1839 this
1794 1801 1827 1840 is
1839 1802 1966 1852 really

1140 1859 1211 1892 not
1231 1860 1273 1892 to
1293 1853 1361 1892 the
1379 1853 1507 1904 point,
1529 1860 1597 1903 yet
1625 1854 1694 1892 the
1715 1855 1899 1894 mention
1923 1855 1971 1894 of

1138 1907 1169 1945 it
1189 1919 1322 1945 serves
1342 1912 1383 1945 to
1402 1907 1560 1945 remind
1579 1920 1645 1945 me
1665 1907 1751 1946 that
1758 1939 1853 1947 ......

1194 1973 1301 1998 more
1315 1965 1352 1998 et
1369 1960 1495 2008 modo]
1526 1973 1572 1998 so
1594 1962 1704 1998 nihil
1720 1974 1838 2006 more,
1859 1962 1970 2000 nihil

1138 2014 1262 2061 modo,
1286 2013 1329 2051 in
1347 2026 1422 2064 pro
1443 2014 1595 2053 Scauro
1620 2015 1641 2061 ἓ
1662 2026 1723 2064 37.
1781 2015 1963 2053 Tischer.

1191 2067 1266 2105 lzae
1294 2065 1594 2118 conquestiones]
1629 2067 1891 2119 ‘complaints
1920 2068 1968 2107 of

1136 2120 1216 2159 this
1236 2119 1346 2159 sort.'
1396 2120 1473 2159 See
1493 2133 1546 2158 on
1566 2122 1586 2167 ἓ
1605 2130 1637 2167 7.

1183 2174 1448 2224 punctorum]
1461 2173 1804 2224 :szff‘agiornna
1839 2175 1962 2213 Com-

1138 2240 1236 2278 pare
1254 2240 1329 2278 pro
1350 2227 1474 2265 Plane
1494 2229 1515 2274 §
1537 2239 1598 2276 53,
1626 2228 1719 2265 Hor
1738 2228 1779 2265 A
1801 2228 1833 2265 P
1850 2240 1938 2277 343.

1193 2280 1317 2328 nobis]
1360 2279 1446 2319 ‘us'
1458 2293 1577 2318 :our
1603 2281 1700 2319 side.
1758 2280 1965 2332 Compare
1982 2317 1987 2320 .

1139 2335 1158 2380 ἓ
1178 2346 1228 2373 20
1248 2339 1441 2372 nostrum.
1484 2333 1628 2372 Cicero
1643 2333 1725 2372 had
1739 2335 1963 2385 supported

1141 2388 1304 2427 Servius
1318 2401 1328 2434 3
1357 2400 1423 2426 see
1445 2388 1465 2434 ξ
1490 2397 1522 2436 7.

1192 2441 1368 2488 ambitio]
1397 2440 1534 2479 lawful
1558 2440 1762 2490 adfictatio
1780 2440 1957 2483 honoris.

1139 2494 1324 2545 opposed
1338 2500 1380 2532 to
1392 2493 1574 2541 ambitus,
1591 2493 1799 2531 unlawful.
1838 2494 1960 2532 Com-

1138 2561 1234 2598 pare
1254 2560 1328 2599 pro
1359 2547 1482 2585 Plane
1502 2549 1522 2594 §
1542 2557 1591 2595 45
1612 2560 1705 2584 cum
1731 2547 1962 2586 ambitionis

1138 2606 1295 2639 nostrae
1312 2605 1484 2650 tempora
1499 2600 1767 2650 postulabant.
2047 2597 2054 2640 ι’

1189 2653 1420 2701 liberalitas]
1456 2655 1685 2703 compare§
1709 2663 1772 2702 77.
2039 2657 2054 2674 *¹

1189 2707 1355 2757 insero]
1375 2706 1511 2745 where
1530 2707 1599 2745 the
1618 2706 1838 2757 gladiators
1853 2719 1959 2745 were

1135 2760 1355 2808 exhibited‚
1373 2759 1511 2798 before
1530 2760 1599 2798 the
1618 2760 1717 2810 days
1736 2759 1783 2798 of
1801 2760 1956 2810 amphi-
2022 2759 2030 2795 ἴ

1136 2815 1324 2853 theatres.
1383 2814 1461 2854 See
1491 2813 1570 2852 Liv
1597 2822 1720 2851 XXIII
1753 2824 1815 2863 30.
1841 2822 1958 2852 XXXI
2024 2848 2025 2853 ,

1135 2879 1186 2916 50
1205 2873 1280 2907 etc.
